<DATE>	<TIME>	<BID>	<ASK>	<LAST>	<VOLUME>	<FLAGS>
2026.04.09	00:03:30.987	158.528	158.594			6
2026.04.09	00:04:00.194	158.528				2
2026.04.09	00:04:31.165		158.594			4
2026.04.09	00:05:00.073	158.528				2
2026.04.09	00:05:00.380	158.527	158.593			6
2026.04.09	00:05:00.679	158.536	158.602			6
2026.04.09	00:05:04.889	158.531	158.597			6
2026.04.09	00:05:06.997	158.528	158.594			6
2026.04.09	00:05:12.412	158.527	158.593			6
2026.04.09	00:06:00.262	158.527				2
2026.04.09	00:06:00.560	158.526	158.592			6
2026.04.09	00:06:22.538	158.528	158.594			6
2026.04.09	00:07:00.159	158.528				2
2026.04.09	00:07:00.759	158.527	158.593			6
2026.04.09	00:07:01.063	158.532	158.598			6
2026.04.09	00:07:09.796	158.535	158.601			6
2026.04.09	00:07:15.525	158.534	158.600			6
2026.04.09	00:07:50.153	158.535	158.601			6
2026.04.09	00:08:00.076	158.535				2
2026.04.09	00:08:01.277	158.532	158.598			6
2026.04.09	00:08:54.591	158.527	158.593			6
2026.04.09	00:09:00.007	158.527				2
2026.04.09	00:09:00.306	158.526	158.592			6
2026.04.09	00:09:06.326	158.534	158.600			6
2026.04.09	00:09:10.537	158.535	158.601			6
2026.04.09	00:10:00.188	158.535				2
2026.04.09	00:10:01.761	158.532	158.598			6
2026.04.09	00:10:02.002	158.535	158.601			6
2026.04.09	00:10:03.198	158.534	158.600			6
2026.04.09	00:10:03.502	158.533	158.599			6
2026.04.09	00:10:03.802	158.534	158.600			6
2026.04.09	00:10:08.016	158.535	158.601			6
2026.04.09	00:10:08.315	158.536	158.602			6
2026.04.09	00:10:08.916	158.537	158.603			6
2026.04.09	00:10:09.218	158.535	158.601			6
2026.04.09	00:10:17.043	158.536	158.602			6
2026.04.09	00:10:48.345	158.538	158.604			6
2026.04.09	00:10:50.764	158.519	158.585			6
2026.04.09	00:10:58.582	158.522	158.588			6
2026.04.09	00:11:00.091	158.522				2
2026.04.09	00:11:18.451	158.519	158.585			6
2026.04.09	00:11:19.652	158.522	158.588			6
2026.04.09	00:11:22.657	158.519	158.585			6
2026.04.09	00:11:29.266	158.522	158.588			6
2026.04.09	00:12:00.255	158.522				2
2026.04.09	00:12:04.459	158.523	158.589			6
2026.04.09	00:12:07.165	158.527	158.593			6
2026.04.09	00:12:08.068	158.520	158.586			6
2026.04.09	00:12:24.018	158.522	158.588			6
2026.04.09	00:12:30.646	158.523	158.589			6
2026.04.09	00:12:58.621	158.531	158.597			6
2026.04.09	00:12:58.921	158.520	158.586			6
2026.04.09	00:13:00.123	158.519	158.585			6
2026.04.09	00:13:03.132	158.521	158.587			6
2026.04.09	00:13:22.676	158.522	158.588			6
2026.04.09	00:14:00.276	158.522				2
2026.04.09	00:14:10.807	158.510	158.576			6
2026.04.09	00:14:11.408	158.511	158.577			6
2026.04.09	00:14:16.227	158.510	158.576			6
2026.04.09	00:14:30.366	158.511	158.577			6
2026.04.09	00:14:30.670	158.513	158.579			6
2026.04.09	00:14:32.476	158.514	158.580			6
2026.04.09	00:14:46.929	158.512	158.578			6
2026.04.09	00:14:55.652	158.513	158.579			6
2026.04.09	00:15:00.156	158.514	158.580			6
2026.04.09	00:15:00.458	158.492	158.629			6
2026.04.09	00:15:01.058	158.514	158.580			6
2026.04.09	00:15:01.358	158.518	158.584			6
2026.04.09	00:15:03.165	158.527	158.593			6
2026.04.09	00:15:03.466	158.528	158.594			6
2026.04.09	00:15:05.572	158.527	158.593			6
2026.04.09	00:15:06.175	158.528	158.594			6
2026.04.09	00:15:06.475	158.527	158.593			6
2026.04.09	00:15:08.278	158.534	158.600			6
2026.04.09	00:15:08.880	158.533	158.599			6
2026.04.09	00:15:09.181	158.530	158.596			6
2026.04.09	00:15:11.286	158.531	158.597			6
2026.04.09	00:15:11.588	158.567	158.658			6
2026.04.09	00:15:11.887	158.565	158.656			6
2026.04.09	00:15:13.693	158.567	158.658			6
2026.04.09	00:15:16.996	158.531				2
2026.04.09	00:15:17.600	158.530				2
2026.04.09	00:15:22.422	158.529	158.657			6
2026.04.09	00:15:27.236	158.528	158.656			6
2026.04.09	00:15:29.046	158.527	158.655			6
2026.04.09	00:15:30.551	158.538				2
2026.04.09	00:15:35.059	158.537				2
2026.04.09	00:15:35.659	158.564				2
2026.04.09	00:15:37.762	158.570	158.661			6
2026.04.09	00:15:39.271	158.532				2
2026.04.09	00:15:42.887	158.531	158.660			6
2026.04.09	00:15:50.416	158.542				2
2026.04.09	00:15:55.531	158.567	158.658			6
2026.04.09	00:15:59.747	158.572	158.663			6
2026.04.09	00:16:00.049	158.572				2
2026.04.09	00:16:00.651	158.534				2
2026.04.09	00:16:00.951	158.535	158.664			6
2026.04.09	00:16:06.661	158.534	158.663			6
2026.04.09	00:16:06.960	158.533				2
2026.04.09	00:16:09.065	158.535	158.665			6
2026.04.09	00:16:12.076	158.532	158.662			6
2026.04.09	00:16:14.182	158.533	158.663			6
2026.04.09	00:16:15.689	158.572				2
2026.04.09	00:16:16.293	158.571	158.662			6
2026.04.09	00:16:17.196	158.576	158.667			6
2026.04.09	00:16:19.599	158.537				2
2026.04.09	00:16:22.907	158.538	158.668			6
2026.04.09	00:16:25.615	158.537	158.667			6
2026.04.09	00:16:30.423	158.536				2
2026.04.09	00:16:32.226	158.537	158.668			6
2026.04.09	00:16:35.537	158.577				2
2026.04.09	00:16:36.138	158.576	158.667			6
2026.04.09	00:16:37.642	158.536				2
2026.04.09	00:16:41.554	158.537	158.668			6
2026.04.09	00:16:44.260	158.536	158.667			6
2026.04.09	00:16:51.191	158.537	158.668			6
2026.04.09	00:16:55.407	158.576	158.667			6
2026.04.09	00:16:59.924	158.537				2
2026.04.09	00:17:00.225	158.537				2
2026.04.09	00:17:00.827	158.538	158.668			6
2026.04.09	00:17:01.428	158.539				2
2026.04.09	00:17:02.934	158.505				2
2026.04.09	00:17:03.235		158.667			4
2026.04.09	00:17:05.643	158.538				2
2026.04.09	00:17:11.054	158.539	158.668			6
2026.04.09	00:17:14.363	158.540				2
2026.04.09	00:17:14.964	158.539	158.667			6
2026.04.09	00:17:23.097	158.540	158.668			6
2026.04.09	00:17:25.505	158.577				2
2026.04.09	00:17:27.316	158.576	158.667			6
2026.04.09	00:17:29.123	158.539	158.668			6
2026.04.09	00:17:33.034	158.538	158.667			6
2026.04.09	00:17:35.442	158.576				2
2026.04.09	00:17:41.156	158.577	158.668			6
2026.04.09	00:17:46.263	158.576	158.667			6
2026.04.09	00:17:48.371	158.538				2
2026.04.09	00:17:53.792	158.539	158.668			6
2026.04.09	00:17:54.997	158.538	158.667			6
2026.04.09	00:17:55.596	158.576				2
2026.04.09	00:17:58.308	158.573	158.664			6
2026.04.09	00:18:00.113	158.537				2
2026.04.09	00:18:01.017	158.538	158.665			6
2026.04.09	00:18:05.232	158.537				2
2026.04.09	00:18:05.533	158.574				2
2026.04.09	00:18:07.338	158.573	158.664			6
2026.04.09	00:18:08.847	158.576	158.667			6
2026.04.09	00:18:22.067	158.575	158.666			6
2026.04.09	00:18:22.367	158.576	158.667			6
2026.04.09	00:18:23.575	158.572	158.663			6
2026.04.09	00:18:28.996	158.573	158.664			6
2026.04.09	00:18:44.351	158.572	158.663			6
2026.04.09	00:18:46.152	158.571	158.662			6
2026.04.09	00:18:59.083	158.570	158.661			6
2026.04.09	00:19:00.289	158.570				2
2026.04.09	00:19:02.096	158.569	158.660			6
2026.04.09	00:19:02.395	158.568	158.659			6
2026.04.09	00:19:03.908	158.571	158.662			6
2026.04.09	00:19:08.120	158.569	158.660			6
2026.04.09	00:19:10.527	158.568	158.659			6
2026.04.09	00:19:12.328	158.566	158.657			6
2026.04.09	00:19:12.932	158.567	158.658			6
2026.04.09	00:19:19.546	158.555	158.646			6
2026.04.09	00:19:27.962	158.556	158.647			6
2026.04.09	00:19:37.297	158.559	158.650			6
2026.04.09	00:19:46.631	158.556	158.647			6
2026.04.09	00:19:49.948	158.557	158.648			6
2026.04.09	00:19:54.756	158.558	158.649			6
2026.04.09	00:19:55.357	158.556	158.647			6
2026.04.09	00:19:56.558	158.557	158.648			6
2026.04.09	00:19:57.161	158.556	158.647			6
2026.04.09	00:19:58.664	158.573	158.664			6
2026.04.09	00:19:59.865	158.566	158.657			6
2026.04.09	00:20:00.168	158.489	158.658			6
2026.04.09	00:20:14.923	158.490	158.659			6
2026.04.09	00:20:16.725	158.489	158.658			6
2026.04.09	00:20:22.145	158.582	158.666			6
2026.04.09	00:20:22.444	158.577				2
2026.04.09	00:20:27.248	158.574				2
2026.04.09	00:20:28.417	158.571				2
2026.04.09	00:20:30.524	158.560				2
2026.04.09	00:20:31.426	158.571				2
2026.04.09	00:20:32.630	158.568				2
2026.04.09	00:20:34.436	158.559				2
2026.04.09	00:20:35.336	158.568				2
2026.04.09	00:20:37.141	158.559				2
2026.04.09	00:20:37.442	158.560				2
2026.04.09	00:20:38.042	158.572				2
2026.04.09	00:20:39.243	158.578				2
2026.04.09	00:20:39.543	158.580				2
2026.04.09	00:20:40.144	158.575				2
2026.04.09	00:20:40.744		158.699			4
2026.04.09	00:20:44.051	158.572				2
2026.04.09	00:20:44.351	158.576				2
2026.04.09	00:20:53.076	158.505	158.674			6
2026.04.09	00:20:53.376	158.504	158.673			6
2026.04.09	00:20:56.394	158.503	158.672			6
2026.04.09	00:20:58.514	158.576	158.702			6
2026.04.09	00:20:59.415	158.575				2
2026.04.09	00:21:00.016	158.575				2
2026.04.09	00:21:02.120	158.574				2
2026.04.09	00:21:09.042	158.575				2
2026.04.09	00:21:10.544		158.703			4
2026.04.09	00:21:11.145		158.702			4
2026.04.09	00:21:11.445		158.699			4
2026.04.09	00:21:12.349	158.576				2
2026.04.09	00:21:15.055		158.703			4
2026.04.09	00:21:15.655	158.589	158.682			6
2026.04.09	00:21:15.956	158.599	158.686			6
2026.04.09	00:21:16.558		158.688			4
2026.04.09	00:21:28.471		158.685			4
2026.04.09	00:21:29.374		158.682			4
2026.04.09	00:21:29.980	158.594	158.640			6
2026.04.09	00:21:38.967		158.628			4
2026.04.09	00:21:56.075	158.622	158.681			6
2026.04.09	00:21:56.676		158.679			4
2026.04.09	00:21:56.979	158.644	158.671			6
2026.04.09	00:22:00.270	158.639	158.668			6
2026.04.09	00:22:01.620		158.667			4
2026.04.09	00:22:01.979		158.666			4
2026.04.09	00:22:03.567		158.667			4
2026.04.09	00:22:04.512		158.666			4
2026.04.09	00:22:06.268	158.636	158.665			6
2026.04.09	00:22:07.297		158.666			4
2026.04.09	00:22:09.847		158.687			4
2026.04.09	00:22:13.767		158.689			4
2026.04.09	00:22:17.264		158.688			4
2026.04.09	00:22:29.491	158.644				2
2026.04.09	00:22:34.735		158.690			4
2026.04.09	00:22:44.959		158.689			4
2026.04.09	00:22:55.152		158.690			4
2026.04.09	00:22:56.971	158.593	158.649			6
2026.04.09	00:22:57.575	158.592	158.637			6
2026.04.09	00:22:58.179	158.598	158.639			6
2026.04.09	00:23:00.232	158.598				2
2026.04.09	00:23:03.055		158.624			4
2026.04.09	00:23:23.069	158.599	158.625			6
2026.04.09	00:23:27.867	158.615	158.635			6
2026.04.09	00:23:33.723		158.648			4
2026.04.09	00:23:34.924	158.601	158.639			6
2026.04.09	00:23:39.694	158.599				2
2026.04.09	00:24:00.268	158.599				2
2026.04.09	00:24:03.270		158.625			4
2026.04.09	00:24:17.576	158.600	158.626			6
2026.04.09	00:24:33.053	158.599	158.625			6
2026.04.09	00:24:33.981		158.639			4
2026.04.09	00:24:39.571	158.600				2
2026.04.09	00:25:00.232	158.600				2
2026.04.09	00:25:16.965		158.626			4
2026.04.09	00:25:36.539		158.639			4
2026.04.09	00:25:36.841	158.599				2
2026.04.09	00:25:37.289	158.600	158.626			6
2026.04.09	00:25:37.594	158.601				2
2026.04.09	00:25:48.220		158.640			4
2026.04.09	00:26:00.234	158.601				2
2026.04.09	00:26:32.240	158.600				2
2026.04.09	00:26:32.540	158.599				2
2026.04.09	00:26:33.293	158.600				2
2026.04.09	00:26:34.816	158.497	158.612			6
2026.04.09	00:26:35.419		158.611			4
2026.04.09	00:26:36.021		158.620			4
2026.04.09	00:26:36.623		158.616			4
2026.04.09	00:26:37.226		158.627			4
2026.04.09	00:26:42.045		158.625			4
2026.04.09	00:26:43.849		158.593			4
2026.04.09	00:26:44.149	158.504	158.590			6
2026.04.09	00:26:44.750	158.509				2
2026.04.09	00:26:45.652		158.589			4
2026.04.09	00:26:50.306		158.591			4
2026.04.09	00:27:00.567	158.509				2
2026.04.09	00:27:00.868		158.589			4
2026.04.09	00:27:09.119		158.588			4
2026.04.09	00:27:11.120	158.508				2
2026.04.09	00:27:12.688		158.594			4
2026.04.09	00:27:19.794	158.549	158.598			6
2026.04.09	00:27:20.094	158.548				2
2026.04.09	00:27:21.294	158.547				2
2026.04.09	00:27:22.499		158.577			4
2026.04.09	00:27:23.699	158.548				2
2026.04.09	00:27:24.902	158.547				2
2026.04.09	00:27:30.021	158.545	158.570			6
2026.04.09	00:27:32.068	158.513	158.576			6
2026.04.09	00:27:38.015	158.509	158.554			6
2026.04.09	00:27:51.172	158.459	158.549			6
2026.04.09	00:27:57.454	158.460				2
2026.04.09	00:28:00.159	158.460				2
2026.04.09	00:28:00.460	158.463				2
2026.04.09	00:28:01.361	158.464				2
2026.04.09	00:28:01.662	158.466				2
2026.04.09	00:28:03.465	158.469				2
2026.04.09	00:28:04.667	158.474				2
2026.04.09	00:28:05.868	158.471	158.539			6
2026.04.09	00:28:06.469	158.468				2
2026.04.09	00:28:06.771	158.474				2
2026.04.09	00:28:07.371	158.468				2
2026.04.09	00:28:07.672	158.471	158.543			6
2026.04.09	00:28:09.478	158.479				2
2026.04.09	00:28:09.778	158.481	158.547			6
2026.04.09	00:28:10.378	158.482				2
2026.04.09	00:28:11.280	158.483				2
2026.04.09	00:28:11.878	158.487	158.555			6
2026.04.09	00:28:12.180	158.492				2
2026.04.09	00:28:15.495	158.494				2
2026.04.09	00:28:16.398	158.491				2
2026.04.09	00:28:17.603	158.489				2
2026.04.09	00:28:17.906	158.487	158.550			6
2026.04.09	00:28:20.311		158.557			4
2026.04.09	00:28:20.613	158.486				2
2026.04.09	00:28:21.216	158.488				2
2026.04.09	00:28:21.514	158.487	158.555			6
2026.04.09	00:28:23.324	158.490				2
2026.04.09	00:28:24.226		158.558			4
2026.04.09	00:28:26.933	158.489				2
2026.04.09	00:28:28.437	158.490				2
2026.04.09	00:28:30.546	158.484	158.559			6
2026.04.09	00:28:31.146	158.485				2
2026.04.09	00:28:31.448	158.490				2
2026.04.09	00:28:33.252	158.486				2
2026.04.09	00:28:34.751	158.484				2
2026.04.09	00:28:35.653	158.483				2
2026.04.09	00:28:38.359	158.484				2
2026.04.09	00:28:40.461	158.486				2
2026.04.09	00:28:41.364	158.485				2
2026.04.09	00:28:43.774	158.488				2
2026.04.09	00:28:46.483	158.487				2
2026.04.09	00:28:48.292	158.489				2
2026.04.09	00:28:51.303	158.491				2
2026.04.09	00:28:56.428	158.487				2
2026.04.09	00:28:58.233	158.486				2
2026.04.09	00:29:00.037	158.486				2
2026.04.09	00:29:01.239	158.489				2
2026.04.09	00:29:01.540	158.493				2
2026.04.09	00:29:02.744	158.486				2
2026.04.09	00:29:06.352	158.480				2
2026.04.09	00:29:06.653	158.483				2
2026.04.09	00:29:08.154	158.482				2
2026.04.09	00:29:10.257	158.488				2
2026.04.09	00:29:11.158	158.489				2
2026.04.09	00:29:11.459	158.488				2
2026.04.09	00:29:16.276	158.490				2
2026.04.09	00:29:17.182	158.489				2
2026.04.09	00:29:17.787	158.486				2
2026.04.09	00:29:21.409	158.488				2
2026.04.09	00:29:22.915	158.486				2
2026.04.09	00:29:26.224	158.480				2
2026.04.09	00:29:28.329	158.482				2
2026.04.09	00:29:30.435	158.481				2
2026.04.09	00:29:30.736		158.559			4
2026.04.09	00:29:31.338	158.487				2
2026.04.09	00:29:36.453	158.479				2
2026.04.09	00:29:41.268	158.485				2
2026.04.09	00:29:45.484	158.488				2
2026.04.09	00:29:46.385	158.483				2
2026.04.09	00:29:51.497	158.489				2
2026.04.09	00:29:55.417	158.487				2
2026.04.09	00:29:56.322	158.483				2
2026.04.09	00:30:00.235	158.483				2
2026.04.09	00:30:00.838	158.489				2
2026.04.09	00:30:01.441	158.490				2
2026.04.09	00:30:03.249	158.489				2
2026.04.09	00:30:06.253	158.492				2
2026.04.09	00:30:08.058	158.498				2
2026.04.09	00:30:10.765	158.488				2
2026.04.09	00:30:11.967	158.487				2
2026.04.09	00:30:16.479	158.489				2
2026.04.09	00:30:17.685	158.491				2
2026.04.09	00:30:22.810	158.493				2
2026.04.09	00:30:28.530	158.495				2
2026.04.09	00:30:29.431	158.496				2
2026.04.09	00:30:30.036	158.497				2
2026.04.09	00:30:30.943	158.498	158.559			6
2026.04.09	00:30:31.543	158.495				2
2026.04.09	00:30:32.752	158.494				2
2026.04.09	00:30:37.261	158.491				2
2026.04.09	00:30:37.558	158.494				2
2026.04.09	00:30:39.966	158.502				2
2026.04.09	00:30:40.268	158.501				2
2026.04.09	00:30:44.185	158.500				2
2026.04.09	00:30:47.195	158.501				2
2026.04.09	00:30:48.999	158.502				2
2026.04.09	00:31:00.136	158.502				2
2026.04.09	00:31:07.055	158.503				2
2026.04.09	00:31:07.356	158.504				2
2026.04.09	00:31:08.257	158.505				2
2026.04.09	00:31:14.578	158.506				2
2026.04.09	00:31:18.195	158.504				2
2026.04.09	00:31:20.600	158.523	158.620			6
2026.04.09	00:31:22.302		158.624			4
2026.04.09	00:31:23.206		158.621			4
2026.04.09	00:31:25.204	158.549	158.644			6
2026.04.09	00:31:26.367		158.645			4
2026.04.09	00:31:29.198		158.643			4
2026.04.09	00:31:29.498		158.645			4
2026.04.09	00:31:30.534		158.647			4
2026.04.09	00:31:30.836		158.646			4
2026.04.09	00:31:32.430		158.647			4
2026.04.09	00:31:33.034		158.645			4
2026.04.09	00:31:34.895		158.647			4
2026.04.09	00:31:38.967		158.614			4
2026.04.09	00:31:39.267	158.550	158.647			6
2026.04.09	00:31:39.567	158.549	158.614			6
2026.04.09	00:31:39.868	158.550	158.647			6
2026.04.09	00:31:40.168		158.645			4
2026.04.09	00:31:40.469	158.549	158.614			6
2026.04.09	00:31:40.769	158.550	158.645			6
2026.04.09	00:31:41.069	158.549	158.614			6
2026.04.09	00:31:41.371	158.550	158.645			6
2026.04.09	00:31:41.672	158.549	158.614			6
2026.04.09	00:31:41.972	158.550	158.645			6
2026.04.09	00:31:42.273	158.549	158.614			6
2026.04.09	00:31:42.574		158.645			4
2026.04.09	00:31:44.079		158.608			4
2026.04.09	00:31:57.314	158.569	158.612			6
2026.04.09	00:32:00.270	158.569				2
2026.04.09	00:32:06.348		158.608			4
2026.04.09	00:32:06.648	158.561	158.628			6
2026.04.09	00:32:07.467	158.565	158.608			6
2026.04.09	00:32:15.267		158.646			4
2026.04.09	00:32:21.405	158.566				2
2026.04.09	00:32:22.309	158.567				2
2026.04.09	00:32:23.816	158.569				2
2026.04.09	00:32:24.715	158.568				2
2026.04.09	00:32:32.238	158.569				2
2026.04.09	00:32:35.248	158.571				2
2026.04.09	00:32:38.858	158.572				2
2026.04.09	00:32:39.456	158.574				2
2026.04.09	00:32:39.758	158.576				2
2026.04.09	00:32:43.365	158.577				2
2026.04.09	00:32:52.090	158.578				2
2026.04.09	00:32:59.613	158.579				2
2026.04.09	00:33:00.217	158.579	158.609			6
2026.04.09	00:33:01.417	158.583				2
2026.04.09	00:33:01.717	158.582				2
2026.04.09	00:33:03.528	158.580				2
2026.04.09	00:33:07.133	158.581				2
2026.04.09	00:33:12.849	158.582				2
2026.04.09	00:33:14.354	158.581				2
2026.04.09	00:33:14.657	158.582				2
2026.04.09	00:33:15.256	158.581				2
2026.04.09	00:33:16.159	158.582				2
2026.04.09	00:33:28.493	158.583				2
2026.04.09	00:33:31.200		158.649			4
2026.04.09	00:33:33.909	158.582				2
2026.04.09	00:33:35.414	158.583				2
2026.04.09	00:33:40.225	158.584				2
2026.04.09	00:33:43.538	158.585				2
2026.04.09	00:33:47.754	158.586				2
2026.04.09	00:33:54.666	158.585				2
2026.04.09	00:33:55.265		158.609			4
2026.04.09	00:33:55.872	158.584				2
2026.04.09	00:33:56.172	158.585				2
2026.04.09	00:33:57.678	158.584				2
2026.04.09	00:33:59.784	158.585				2
2026.04.09	00:34:00.084	158.585				2
2026.04.09	00:34:00.686	158.586				2
2026.04.09	00:34:14.540	158.582	158.616			6
2026.04.09	00:34:15.744	158.586				2
2026.04.09	00:34:16.648	158.585				2
2026.04.09	00:34:19.652	158.584				2
2026.04.09	00:34:20.255	158.585				2
2026.04.09	00:34:20.554	158.586				2
2026.04.09	00:34:21.460	158.588				2
2026.04.09	00:34:22.662	158.589				2
2026.04.09	00:34:24.762	158.590				2
2026.04.09	00:34:25.967	158.591				2
2026.04.09	00:34:26.266		158.649			4
2026.04.09	00:34:31.683		158.652			4
2026.04.09	00:34:32.287		158.649			4
2026.04.09	00:34:32.589		158.616			4
2026.04.09	00:34:38.609	158.592				2
2026.04.09	00:34:39.511	158.593				2
2026.04.09	00:34:41.914	158.590				2
2026.04.09	00:34:45.520	158.586				2
2026.04.09	00:34:49.730	158.587				2
2026.04.09	00:34:54.251	158.588				2
2026.04.09	00:34:57.260	158.589				2
2026.04.09	00:35:00.260	158.589				2
2026.04.09	00:35:02.362	158.585				2
2026.04.09	00:35:03.565		158.649			4
2026.04.09	00:35:04.168	158.582				2
2026.04.09	00:35:15.869	158.583				2
2026.04.09	00:35:22.495		158.616			4
2026.04.09	00:35:28.825	158.584				2
2026.04.09	00:35:34.841	158.582				2
2026.04.09	00:35:44.620	158.591	158.621			6
2026.04.09	00:35:52.770		158.644			4
2026.04.09	00:35:55.873		158.645			4
2026.04.09	00:36:00.233	158.591				2
2026.04.09	00:36:10.233		158.644			4
2026.04.09	00:36:10.541		158.645			4
2026.04.09	00:36:16.002		158.621			4
2026.04.09	00:36:39.605	158.592				2
2026.04.09	00:36:46.610		158.645			4
2026.04.09	00:36:55.631		158.646			4
2026.04.09	00:37:00.232	158.592				2
2026.04.09	00:37:09.224		158.645			4
2026.04.09	00:37:11.384		158.621			4
2026.04.09	00:37:24.190		158.646			4
2026.04.09	00:37:24.793		158.645			4
2026.04.09	00:37:25.093		158.621			4
2026.04.09	00:37:34.470	158.591				2
2026.04.09	00:37:41.970		158.646			4
2026.04.09	00:38:00.233	158.591				2
2026.04.09	00:38:03.861		158.644			4
2026.04.09	00:38:37.057		158.621			4
2026.04.09	00:38:52.890		158.646			4
2026.04.09	00:38:53.795		158.621			4
2026.04.09	00:39:00.567	158.591				2
2026.04.09	00:39:07.889		158.644			4
2026.04.09	00:39:11.712		158.646			4
2026.04.09	00:39:12.282		158.644			4
2026.04.09	00:39:14.368		158.645			4
2026.04.09	00:39:19.094		158.646			4
2026.04.09	00:39:24.329	158.592				2
2026.04.09	00:40:00.031	158.592				2
2026.04.09	00:40:00.331		158.647			4
2026.04.09	00:40:00.632		158.645			4
2026.04.09	00:40:07.855		158.621			4
2026.04.09	00:40:19.475	158.591				2
2026.04.09	00:40:35.898	158.596				2
2026.04.09	00:40:36.199	158.595				2
2026.04.09	00:40:38.615		158.646			4
2026.04.09	00:40:53.359		158.621			4
2026.04.09	00:40:54.560	158.594				2
2026.04.09	00:40:57.866	158.593				2
2026.04.09	00:40:59.067	158.594				2
2026.04.09	00:41:00.274	158.594				2
2026.04.09	00:41:00.575	158.596				2
2026.04.09	00:41:04.789	158.593				2
2026.04.09	00:41:10.818	158.592				2
2026.04.09	00:41:23.752		158.649			4
2026.04.09	00:41:47.549		158.621			4
2026.04.09	00:41:49.050	158.591				2
2026.04.09	00:42:00.231	158.591				2
2026.04.09	00:42:00.533	158.592				2
2026.04.09	00:42:00.836	158.595	158.623			6
2026.04.09	00:42:15.039		158.644			4
2026.04.09	00:42:20.978		158.623			4
2026.04.09	00:42:51.505		158.643			4
2026.04.09	00:42:55.468		158.623			4
2026.04.09	00:43:00.232	158.595				2
2026.04.09	00:43:25.730		158.625			4
2026.04.09	00:43:26.368		158.645			4
2026.04.09	00:43:30.274		158.644			4
2026.04.09	00:43:35.314		158.645			4
2026.04.09	00:43:35.614		158.643			4
2026.04.09	00:43:48.928		158.642			4
2026.04.09	00:43:49.228		158.643			4
2026.04.09	00:43:57.292		158.645			4
2026.04.09	00:43:59.282		158.639			4
2026.04.09	00:44:00.188	158.595				2
2026.04.09	00:44:20.638		158.625			4
2026.04.09	00:44:51.032		158.640			4
2026.04.09	00:45:00.062	158.595				2
2026.04.09	00:45:01.864		158.639			4
2026.04.09	00:45:02.164	158.596	158.640			6
2026.04.09	00:45:02.463	158.576	158.642			6
2026.04.09	00:45:04.867	158.596	158.640			6
2026.04.09	00:45:05.747	158.589	158.636			6
2026.04.09	00:45:14.166		158.635			4
2026.04.09	00:45:15.970		158.634			4
2026.04.09	00:45:20.476		158.635			4
2026.04.09	00:45:27.409		158.634			4
2026.04.09	00:45:30.721		158.633			4
2026.04.09	00:45:39.751		158.634			4
2026.04.09	00:45:42.155		158.633			4
2026.04.09	00:45:43.357		158.632			4
2026.04.09	00:45:47.865		158.633			4
2026.04.09	00:45:49.066		158.620			4
2026.04.09	00:46:00.449	158.586				2
2026.04.09	00:46:20.173		158.633			4
2026.04.09	00:47:00.201	158.586				2
2026.04.09	00:47:02.316	158.567				2
2026.04.09	00:47:04.417	158.587				2
2026.04.09	00:47:05.019	158.586				2
2026.04.09	00:47:20.356		158.633			4
2026.04.09	00:47:20.656		158.620			4
2026.04.09	00:47:51.672		158.635			4
2026.04.09	00:48:00.114	158.586				2
2026.04.09	00:48:08.534		158.620			4
2026.04.09	00:48:39.427		158.633			4
2026.04.09	00:49:00.175	158.586				2
2026.04.09	00:49:27.568		158.620			4
2026.04.09	00:49:58.685		158.631			4
2026.04.09	00:50:00.190	158.586	158.630			6
2026.04.09	00:50:10.114		158.634			4
2026.04.09	00:50:10.414		158.632			4
2026.04.09	00:50:10.717		158.631			4
2026.04.09	00:50:14.628		158.630			4
2026.04.09	00:50:17.033		158.629			4
2026.04.09	00:50:18.844		158.630			4
2026.04.09	00:50:22.755		158.629			4
2026.04.09	00:50:25.757		158.630			4
2026.04.09	00:50:32.983		158.629			4
2026.04.09	00:50:34.791		158.630			4
2026.04.09	00:50:35.695	158.585	158.620			6
2026.04.09	00:50:54.902	158.586	158.621			6
2026.04.09	00:50:55.205	158.587				2
2026.04.09	00:51:00.461	158.587				2
2026.04.09	00:51:06.170		158.633			4
2026.04.09	00:51:07.377		158.634			4
2026.04.09	00:51:07.677		158.635			4
2026.04.09	00:51:07.978		158.633			4
2026.04.09	00:51:09.481		158.635			4
2026.04.09	00:51:10.383		158.633			4
2026.04.09	00:51:12.488		158.634			4
2026.04.09	00:51:12.792		158.633			4
2026.04.09	00:51:17.610		158.634			4
2026.04.09	00:51:17.907		158.633			4
2026.04.09	00:51:26.937		158.621			4
2026.04.09	00:51:35.289	158.510	158.562			6
2026.04.09	00:51:36.568		158.558			4
2026.04.09	00:51:36.868		158.559			4
2026.04.09	00:51:37.171		158.563			4
2026.04.09	00:51:38.375		158.564			4
2026.04.09	00:51:38.975		158.569			4
2026.04.09	00:51:40.167		158.563			4
2026.04.09	00:51:40.467		158.568			4
2026.04.09	00:51:40.772		158.569			4
2026.04.09	00:51:41.786		158.568			4
2026.04.09	00:51:42.087		158.572			4
2026.04.09	00:51:42.388		158.573			4
2026.04.09	00:51:42.688	158.509	158.575			6
2026.04.09	00:51:42.988		158.576			4
2026.04.09	00:51:43.288	158.510				2
2026.04.09	00:51:44.370		158.577			4
2026.04.09	00:51:45.354		158.580			4
2026.04.09	00:51:45.655		158.576			4
2026.04.09	00:51:45.955		158.577			4
2026.04.09	00:51:46.255		158.574			4
2026.04.09	00:51:46.556		158.578			4
2026.04.09	00:51:48.843		158.580			4
2026.04.09	00:51:49.144		158.576			4
2026.04.09	00:51:49.444		158.577			4
2026.04.09	00:51:49.744		158.581			4
2026.04.09	00:51:50.344		158.582			4
2026.04.09	00:51:50.645		158.579			4
2026.04.09	00:51:50.946		158.581			4
2026.04.09	00:51:51.248		158.583			4
2026.04.09	00:51:51.547		158.572			4
2026.04.09	00:51:51.847		158.581			4
2026.04.09	00:51:52.147		158.579			4
2026.04.09	00:51:52.448		158.582			4
2026.04.09	00:51:52.748		158.583			4
2026.04.09	00:51:53.049		158.580			4
2026.04.09	00:51:53.350		158.581			4
2026.04.09	00:51:53.950		158.582			4
2026.04.09	00:51:54.251		158.590			4
2026.04.09	00:51:54.552		158.591			4
2026.04.09	00:51:55.795		158.592			4
2026.04.09	00:51:57.568		158.588			4
2026.04.09	00:51:57.867		158.585			4
2026.04.09	00:51:58.469		158.581			4
2026.04.09	00:51:58.770		158.584			4
2026.04.09	00:51:59.070		158.586			4
2026.04.09	00:51:59.671		158.587			4
2026.04.09	00:51:59.971		158.589			4
2026.04.09	00:52:01.195	158.510				2
2026.04.09	00:52:01.498		158.588			4
2026.04.09	00:52:01.801		158.582			4
2026.04.09	00:52:02.101		158.585			4
2026.04.09	00:52:02.400		158.590			4
2026.04.09	00:52:02.702		158.584			4
2026.04.09	00:52:04.272		158.581			4
2026.04.09	00:52:04.571		158.578			4
2026.04.09	00:52:05.174		158.583			4
2026.04.09	00:52:06.215		158.582			4
2026.04.09	00:52:06.516		158.585			4
2026.04.09	00:52:06.817		158.574			4
2026.04.09	00:52:07.119		158.573			4
2026.04.09	00:52:08.321		158.574			4
2026.04.09	00:52:08.924		158.576			4
2026.04.09	00:52:09.228		158.583			4
2026.04.09	00:52:09.530		158.577			4
2026.04.09	00:52:09.831		158.574			4
2026.04.09	00:52:13.138		158.575			4
2026.04.09	00:52:14.643		158.582			4
2026.04.09	00:52:14.943		158.578			4
2026.04.09	00:52:15.244		158.574			4
2026.04.09	00:52:15.544		158.575			4
2026.04.09	00:52:16.749		158.576			4
2026.04.09	00:52:17.350		158.573			4
2026.04.09	00:52:19.153		158.574			4
2026.04.09	00:52:20.356		158.572			4
2026.04.09	00:52:22.457		158.573			4
2026.04.09	00:52:24.260		158.571			4
2026.04.09	00:52:24.561		158.574			4
2026.04.09	00:52:24.861		158.576			4
2026.04.09	00:52:25.762		158.574			4
2026.04.09	00:52:27.874		158.578			4
2026.04.09	00:52:28.173		158.590			4
2026.04.09	00:52:28.475		158.588			4
2026.04.09	00:52:29.699		158.580			4
2026.04.09	00:52:30.001		158.590			4
2026.04.09	00:52:30.302		158.574			4
2026.04.09	00:52:30.604		158.575			4
2026.04.09	00:52:31.207		158.580			4
2026.04.09	00:52:31.507		158.579			4
2026.04.09	00:52:31.808		158.578			4
2026.04.09	00:52:32.415		158.571			4
2026.04.09	00:52:32.716		158.573			4
2026.04.09	00:52:35.725		158.580			4
2026.04.09	00:52:36.025		158.572			4
2026.04.09	00:52:36.326		158.573			4
2026.04.09	00:52:37.527		158.574			4
2026.04.09	00:52:37.829		158.572			4
2026.04.09	00:52:38.130		158.570			4
2026.04.09	00:52:38.733		158.572			4
2026.04.09	00:52:39.338		158.573			4
2026.04.09	00:52:39.638		158.575			4
2026.04.09	00:52:39.938	158.514	158.567			6
2026.04.09	00:52:41.295		158.568			4
2026.04.09	00:52:41.897		158.561			4
2026.04.09	00:52:42.197		158.562			4
2026.04.09	00:52:43.250		158.560			4
2026.04.09	00:52:50.035		158.565			4
2026.04.09	00:52:50.744		158.561			4
2026.04.09	00:52:51.044		158.567			4
2026.04.09	00:52:51.806		158.562			4
2026.04.09	00:52:52.108		158.567			4
2026.04.09	00:52:52.410		158.561			4
2026.04.09	00:52:54.149		158.562			4
2026.04.09	00:52:54.449		158.566			4
2026.04.09	00:52:54.750		158.565			4
2026.04.09	00:52:56.661		158.562			4
2026.04.09	00:52:56.961		158.569			4
2026.04.09	00:52:57.262		158.564			4
2026.04.09	00:52:57.564		158.558			4
2026.04.09	00:53:00.232	158.514				2
2026.04.09	00:53:03.875		158.562			4
2026.04.09	00:53:04.960		158.558			4
2026.04.09	00:53:08.869		158.557			4
2026.04.09	00:53:10.359		158.558			4
2026.04.09	00:53:22.502		158.564			4
2026.04.09	00:53:24.613		158.560			4
2026.04.09	00:53:26.421		158.559			4
2026.04.09	00:53:35.063		158.560			4
2026.04.09	00:53:39.889		158.559			4
2026.04.09	00:53:41.694		158.561			4
2026.04.09	00:53:42.297	158.449	158.530			6
2026.04.09	00:53:42.596		158.546			4
2026.04.09	00:53:42.896		158.545			4
2026.04.09	00:53:43.197		158.547			4
2026.04.09	00:53:43.799		158.545			4
2026.04.09	00:53:44.101		158.544			4
2026.04.09	00:53:44.401		158.545			4
2026.04.09	00:53:45.311		158.546			4
2026.04.09	00:53:45.612		158.543			4
2026.04.09	00:53:46.215	158.456	158.545			6
2026.04.09	00:53:46.515		158.541			4
2026.04.09	00:53:47.117		158.544			4
2026.04.09	00:53:47.418		158.543			4
2026.04.09	00:53:47.720		158.544			4
2026.04.09	00:53:48.020		158.545			4
2026.04.09	00:53:48.320		158.544			4
2026.04.09	00:53:49.222		158.539			4
2026.04.09	00:53:50.124		158.541			4
2026.04.09	00:53:50.724		158.543			4
2026.04.09	00:53:51.326	158.450	158.541			6
2026.04.09	00:53:51.626		158.538			4
2026.04.09	00:53:51.927		158.541			4
2026.04.09	00:53:52.227		158.537			4
2026.04.09	00:53:52.530		158.538			4
2026.04.09	00:53:52.830		158.539			4
2026.04.09	00:53:53.131		158.536			4
2026.04.09	00:53:53.432		158.532			4
2026.04.09	00:53:53.732		158.539			4
2026.04.09	00:53:54.034		158.541			4
2026.04.09	00:53:54.335		158.540			4
2026.04.09	00:53:54.636		158.539			4
2026.04.09	00:53:54.936		158.541			4
2026.04.09	00:53:55.237		158.536			4
2026.04.09	00:53:55.838		158.544			4
2026.04.09	00:53:56.138	158.456	158.543			6
2026.04.09	00:53:56.440		158.544			4
2026.04.09	00:53:56.739		158.542			4
2026.04.09	00:53:57.043		158.545			4
2026.04.09	00:53:57.345		158.542			4
2026.04.09	00:53:58.246		158.544			4
2026.04.09	00:53:58.547		158.541			4
2026.04.09	00:53:58.849		158.544			4
2026.04.09	00:54:00.052	158.456				2
2026.04.09	00:54:00.652		158.542			4
2026.04.09	00:54:00.951		158.545			4
2026.04.09	00:54:01.252	158.450	158.542			6
2026.04.09	00:54:01.552		158.545			4
2026.04.09	00:54:02.153		158.541			4
2026.04.09	00:54:02.453		158.539			4
2026.04.09	00:54:02.754		158.537			4
2026.04.09	00:54:03.055		158.543			4
2026.04.09	00:54:03.354		158.541			4
2026.04.09	00:54:03.655		158.546			4
2026.04.09	00:54:03.955		158.543			4
2026.04.09	00:54:04.255		158.538			4
2026.04.09	00:54:04.556		158.539			4
2026.04.09	00:54:05.156		158.540			4
2026.04.09	00:54:05.458		158.541			4
2026.04.09	00:54:06.960		158.543			4
2026.04.09	00:54:07.260		158.537			4
2026.04.09	00:54:07.861		158.536			4
2026.04.09	00:54:09.364		158.540			4
2026.04.09	00:54:09.665		158.538			4
2026.04.09	00:54:10.866		158.535			4
2026.04.09	00:54:11.466		158.529			4
2026.04.09	00:54:11.766		158.536			4
2026.04.09	00:54:12.069		158.537			4
2026.04.09	00:54:12.374		158.536			4
2026.04.09	00:54:12.674		158.533			4
2026.04.09	00:54:12.975		158.539			4
2026.04.09	00:54:14.476		158.535			4
2026.04.09	00:54:14.776		158.536			4
2026.04.09	00:54:15.077		158.532			4
2026.04.09	00:54:15.376		158.531			4
2026.04.09	00:54:15.681		158.524			4
2026.04.09	00:54:16.591		158.535			4
2026.04.09	00:54:16.891		158.532			4
2026.04.09	00:54:17.195		158.533			4
2026.04.09	00:54:17.495		158.524			4
2026.04.09	00:54:17.796		158.526			4
2026.04.09	00:54:18.400		158.534			4
2026.04.09	00:54:20.202		158.528			4
2026.04.09	00:54:20.503		158.537			4
2026.04.09	00:54:20.807		158.536			4
2026.04.09	00:54:21.108		158.534			4
2026.04.09	00:54:22.312		158.528			4
2026.04.09	00:54:22.613		158.532			4
2026.04.09	00:54:22.917		158.528			4
2026.04.09	00:54:23.217		158.530			4
2026.04.09	00:54:23.818		158.529			4
2026.04.09	00:54:24.118		158.525			4
2026.04.09	00:54:24.419		158.521			4
2026.04.09	00:54:24.719		158.530			4
2026.04.09	00:54:25.019		158.533			4
2026.04.09	00:54:25.319		158.525			4
2026.04.09	00:54:25.619		158.526			4
2026.04.09	00:54:25.920		158.533			4
2026.04.09	00:54:26.220		158.526			4
2026.04.09	00:54:26.521		158.529			4
2026.04.09	00:54:26.821		158.525			4
2026.04.09	00:54:27.121		158.533			4
2026.04.09	00:54:27.420		158.524			4
2026.04.09	00:54:27.721		158.532			4
2026.04.09	00:54:28.325		158.535			4
2026.04.09	00:54:28.624		158.525			4
2026.04.09	00:54:29.224		158.530			4
2026.04.09	00:54:29.524		158.529			4
2026.04.09	00:54:29.825		158.525			4
2026.04.09	00:54:30.126		158.533			4
2026.04.09	00:54:30.426		158.529			4
2026.04.09	00:54:31.327		158.528			4
2026.04.09	00:54:31.630		158.523			4
2026.04.09	00:54:32.538		158.526			4
2026.04.09	00:54:32.839		158.524			4
2026.04.09	00:54:33.144		158.527			4
2026.04.09	00:54:33.444		158.533			4
2026.04.09	00:54:33.745		158.532			4
2026.04.09	00:54:34.044	158.467	158.542			6
2026.04.09	00:54:34.345	158.461	158.545			6
2026.04.09	00:54:34.645	158.471	158.543			6
2026.04.09	00:54:34.944	158.472				2
2026.04.09	00:54:35.246	158.471				2
2026.04.09	00:54:36.449	158.450	158.527			6
2026.04.09	00:54:36.749	158.451				2
2026.04.09	00:54:37.049	158.454				2
2026.04.09	00:54:37.350	158.456				2
2026.04.09	00:54:37.650	158.462				2
2026.04.09	00:54:37.950	158.459	158.525			6
2026.04.09	00:54:38.251	158.460	158.526			6
2026.04.09	00:54:38.552	158.466				2
2026.04.09	00:54:39.152	158.467				2
2026.04.09	00:54:40.352	158.455				2
2026.04.09	00:54:40.653	158.446				2
2026.04.09	00:54:40.954	158.452				2
2026.04.09	00:54:41.255	158.451				2
2026.04.09	00:54:42.455	158.454				2
2026.04.09	00:54:42.756	158.453				2
2026.04.09	00:54:44.860		158.533			4
2026.04.09	00:54:47.565	158.458	158.532			6
2026.04.09	00:54:47.866	158.459				2
2026.04.09	00:54:48.166	158.446				2
2026.04.09	00:54:48.840	158.449				2
2026.04.09	00:54:49.141	158.448				2
2026.04.09	00:54:49.744	158.446				2
2026.04.09	00:54:50.946	158.449				2
2026.04.09	00:54:51.249	158.448				2
2026.04.09	00:54:54.853	158.446				2
2026.04.09	00:54:55.153	158.448				2
2026.04.09	00:54:55.454	158.450				2
2026.04.09	00:54:57.255	158.451	158.530			6
2026.04.09	00:54:59.056		158.532			4
2026.04.09	00:54:59.356	158.448				2
2026.04.09	00:55:00.256	158.447				2
2026.04.09	00:55:00.558	158.449				2
2026.04.09	00:55:01.761	158.456	158.531			6
2026.04.09	00:55:03.864	158.454				2
2026.04.09	00:55:04.767	158.453	158.522			6
2026.04.09	00:55:05.070	158.458	158.531			6
2026.04.09	00:55:05.675	158.457				2
2026.04.09	00:55:06.276	158.458				2
2026.04.09	00:55:06.580	158.457				2
2026.04.09	00:55:06.883	158.461				2
2026.04.09	00:55:07.184	158.462				2
2026.04.09	00:55:07.485	158.461				2
2026.04.09	00:55:08.987	158.460				2
2026.04.09	00:55:14.815	158.457				2
2026.04.09	00:55:15.103	158.455				2
2026.04.09	00:55:15.711	158.453				2
2026.04.09	00:55:16.312	158.458				2
2026.04.09	00:55:16.610	158.460				2
2026.04.09	00:55:16.915	158.461				2
2026.04.09	00:55:18.720	158.459				2
2026.04.09	00:55:19.619	158.458				2
2026.04.09	00:55:19.921	158.461				2
2026.04.09	00:55:21.423	158.456				2
2026.04.09	00:55:22.626	158.459				2
2026.04.09	00:55:24.746	158.455				2
2026.04.09	00:55:25.347	158.456	158.530			6
2026.04.09	00:55:26.245	158.454				2
2026.04.09	00:55:26.549	158.459				2
2026.04.09	00:55:26.849	158.462				2
2026.04.09	00:55:29.852	158.458	158.531			6
2026.04.09	00:55:30.453	158.462				2
2026.04.09	00:55:31.356	158.464				2
2026.04.09	00:55:31.956	158.453				2
2026.04.09	00:55:34.359	158.454	158.530			6
2026.04.09	00:55:34.961	158.457				2
2026.04.09	00:55:35.262	158.461				2
2026.04.09	00:55:36.167	158.458				2
2026.04.09	00:55:36.468	158.459				2
2026.04.09	00:55:38.270	158.462	158.532			6
2026.04.09	00:55:38.570	158.464				2
2026.04.09	00:55:39.775	158.459				2
2026.04.09	00:55:40.376		158.531			4
2026.04.09	00:55:41.280	158.460	158.530			6
2026.04.09	00:55:44.896	158.458	158.531			6
2026.04.09	00:55:46.400	158.462	158.530			6
2026.04.09	00:55:49.411	158.458	158.531			6
2026.04.09	00:55:51.216	158.462	158.530			6
2026.04.09	00:55:51.817	158.458				2
2026.04.09	00:55:52.718	158.456				2
2026.04.09	00:55:53.024	158.459				2
2026.04.09	00:55:53.325	158.456				2
2026.04.09	00:55:54.223	158.457				2
2026.04.09	00:55:54.821	158.460				2
2026.04.09	00:55:56.330	158.462				2
2026.04.09	00:55:57.831	158.457				2
2026.04.09	00:55:58.131	158.458				2
2026.04.09	00:55:58.435	158.460				2
2026.04.09	00:55:59.042	158.457				2
2026.04.09	00:55:59.946	158.460				2
2026.04.09	00:56:00.255	158.460				2
2026.04.09	00:56:01.453	158.459				2
2026.04.09	00:56:02.052	158.457				2
2026.04.09	00:56:02.651	158.458				2
2026.04.09	00:56:03.256	158.456				2
2026.04.09	00:56:04.453	158.457	158.531			6
2026.04.09	00:56:05.656	158.458				2
2026.04.09	00:56:05.958	158.453	158.530			6
2026.04.09	00:56:06.257	158.448				2
2026.04.09	00:56:14.990	158.450				2
2026.04.09	00:56:16.190	158.451	158.533			6
2026.04.09	00:56:16.797	158.454				2
2026.04.09	00:56:18.900	158.458				2
2026.04.09	00:56:22.818	158.459	158.530			6
2026.04.09	00:56:24.024	158.458				2
2026.04.09	00:56:24.623	158.452				2
2026.04.09	00:56:24.927	158.454	158.531			6
2026.04.09	00:56:25.224	158.458				2
2026.04.09	00:56:25.529	158.453				2
2026.04.09	00:56:25.824	158.455				2
2026.04.09	00:56:34.849	158.451				2
2026.04.09	00:56:35.751	158.448				2
2026.04.09	00:56:36.351	158.452				2
2026.04.09	00:56:45.989	158.454	158.533			6
2026.04.09	00:56:50.798	158.459				2
2026.04.09	00:56:56.219	158.454	158.532			6
2026.04.09	00:57:00.131	158.454				2
2026.04.09	00:57:01.030	158.460	158.534			6
2026.04.09	00:57:01.335	158.461				2
2026.04.09	00:57:01.630	158.456				2
2026.04.09	00:57:02.532	158.458	158.533			6
2026.04.09	00:57:04.645	158.454				2
2026.04.09	00:57:04.947	158.453				2
2026.04.09	00:57:06.150	158.456				2
2026.04.09	00:57:10.056	158.457	158.532			6
2026.04.09	00:57:13.661	158.455				2
2026.04.09	00:57:13.956	158.454				2
2026.04.09	00:57:15.758	158.450				2
2026.04.09	00:57:16.357	158.455				2
2026.04.09	00:57:21.468	158.470	158.534			6
2026.04.09	00:57:21.765	158.457				2
2026.04.09	00:57:22.065	158.461				2
2026.04.09	00:57:25.682	158.455				2
2026.04.09	00:57:30.201	158.458	158.532			6
2026.04.09	00:57:30.804	158.455				2
2026.04.09	00:57:31.103	158.456	158.534			6
2026.04.09	00:57:34.712	158.450	158.533			6
2026.04.09	00:57:35.011	158.451				2
2026.04.09	00:57:35.614	158.458				2
2026.04.09	00:57:35.918	158.451				2
2026.04.09	00:57:36.213	158.452	158.534			6
2026.04.09	00:57:36.518	158.451				2
2026.04.09	00:57:38.316	158.456				2
2026.04.09	00:57:38.621	158.460				2
2026.04.09	00:57:43.426	158.455	158.533			6
2026.04.09	00:57:45.529	158.452				2
2026.04.09	00:57:46.133	158.448				2
2026.04.09	00:57:48.240	158.454	158.534			6
2026.04.09	00:57:48.539	158.458				2
2026.04.09	00:57:50.341	158.449				2
2026.04.09	00:57:50.947	158.458				2
2026.04.09	00:57:51.245	158.462				2
2026.04.09	00:57:52.752	158.458				2
2026.04.09	00:57:53.956	158.455	158.533			6
2026.04.09	00:57:55.755	158.456				2
2026.04.09	00:57:56.062	158.449				2
2026.04.09	00:57:56.362	158.448				2
2026.04.09	00:57:57.862	158.455	158.534			6
2026.04.09	00:57:58.158	158.454				2
2026.04.09	00:58:00.263	158.460				2
2026.04.09	00:58:04.781	158.452				2
2026.04.09	00:58:05.086	158.450				2
2026.04.09	00:58:05.692	158.454				2
2026.04.09	00:58:06.891	158.460				2
2026.04.09	00:58:08.701	158.456				2
2026.04.09	00:58:09.300	158.452				2
2026.04.09	00:58:09.604	158.455				2
2026.04.09	00:58:11.704	158.448				2
2026.04.09	00:58:15.625		158.535			4
2026.04.09	00:58:15.922	158.506	158.612			6
2026.04.09	00:58:16.226		158.604			4
2026.04.09	00:58:16.522	158.507	158.603			6
2026.04.09	00:58:18.928	158.505	158.605			6
2026.04.09	00:58:19.233		158.595			4
2026.04.09	00:58:21.645	158.504	158.596			6
2026.04.09	00:58:23.150		158.598			4
2026.04.09	00:58:25.257	158.502	158.594			6
2026.04.09	00:58:25.859	158.501	158.593			6
2026.04.09	00:58:26.761		158.594			4
2026.04.09	00:58:27.357	158.502	158.593			6
2026.04.09	00:58:27.657	158.501	158.600			6
2026.04.09	00:58:27.958	158.500				2
2026.04.09	00:58:28.258	158.498	158.597			6
2026.04.09	00:58:29.462	158.497	158.607			6
2026.04.09	00:58:30.360		158.606			4
2026.04.09	00:58:30.661	158.496	158.603			6
2026.04.09	00:58:31.260	158.494	158.604			6
2026.04.09	00:58:32.162		158.602			4
2026.04.09	00:58:32.462	158.495	158.605			6
2026.04.09	00:58:32.767		158.603			4
2026.04.09	00:58:33.064	158.497				2
2026.04.09	00:58:33.968	158.495	158.609			6
2026.04.09	00:58:34.264		158.610			4
2026.04.09	00:58:35.164	158.494	158.605			6
2026.04.09	00:58:35.770		158.602			4
2026.04.09	00:58:36.066	158.493	158.603			6
2026.04.09	00:58:36.668	158.492				2
2026.04.09	00:58:37.270	158.493	158.605			6
2026.04.09	00:58:37.575	158.491	158.608			6
2026.04.09	00:58:38.780	158.492	158.607			6
2026.04.09	00:58:39.078	158.491	158.612			6
2026.04.09	00:58:40.284	158.490	158.609			6
2026.04.09	00:58:40.583	158.492	158.608			6
2026.04.09	00:58:41.185	158.489	158.610			6
2026.04.09	00:58:42.987		158.625			4
2026.04.09	00:58:43.283	158.488	158.612			6
2026.04.09	00:58:43.588	158.487	158.613			6
2026.04.09	00:58:43.888	158.486	158.614			6
2026.04.09	00:58:45.400	158.485	158.609			6
2026.04.09	00:58:45.700		158.621			4
2026.04.09	00:58:46.000		158.616			4
2026.04.09	00:58:46.597		158.619			4
2026.04.09	00:58:46.904		158.617			4
2026.04.09	00:58:47.507	158.483	158.613			6
2026.04.09	00:58:47.803	158.482	158.619			6
2026.04.09	00:58:48.106	158.483	158.621			6
2026.04.09	00:58:49.307	158.482	158.619			6
2026.04.09	00:58:49.606	158.483				2
2026.04.09	00:58:49.905	158.481	158.620			6
2026.04.09	00:58:50.516	158.482	158.616			6
2026.04.09	00:58:50.811	158.481	158.623			6
2026.04.09	00:58:52.020	158.482	158.616			6
2026.04.09	00:58:52.924	158.481	158.622			6
2026.04.09	00:58:53.219		158.614			4
2026.04.09	00:58:53.524		158.617			4
2026.04.09	00:58:54.125	158.479	158.621			6
2026.04.09	00:58:55.323	158.480	158.620			6
2026.04.09	00:58:55.627		158.623			4
2026.04.09	00:58:56.829	158.479	158.622			6
2026.04.09	00:58:57.132		158.624			4
2026.04.09	00:58:57.429		158.625			4
2026.04.09	00:58:57.729		158.620			4
2026.04.09	00:58:58.028	158.477	158.624			6
2026.04.09	00:58:59.238		158.626			4
2026.04.09	00:58:59.534		158.622			4
2026.04.09	00:58:59.835	158.476	158.628			6
2026.04.09	00:59:00.145	158.476				2
2026.04.09	00:59:01.037	158.475				2
2026.04.09	00:59:01.643	158.478				2
2026.04.09	00:59:01.938		158.631			4
2026.04.09	00:59:02.242	158.476	158.622			6
2026.04.09	00:59:02.543	158.475	158.628			6
2026.04.09	00:59:02.842		158.623			4
2026.04.09	00:59:03.144	158.476				2
2026.04.09	00:59:03.446		158.620			4
2026.04.09	00:59:04.951	158.475	158.621			6
2026.04.09	00:59:06.457	158.476	158.625			6
2026.04.09	00:59:07.658	158.474				2
2026.04.09	00:59:07.961	158.476	158.624			6
2026.04.09	00:59:08.257	158.474	158.622			6
2026.04.09	00:59:08.558	158.472	158.625			6
2026.04.09	00:59:08.858	158.475				2
2026.04.09	00:59:09.463	158.477	158.622			6
2026.04.09	00:59:09.763	158.473	158.625			6
2026.04.09	00:59:11.564	158.472				2
2026.04.09	00:59:11.864	158.469				2
2026.04.09	00:59:12.161	158.470				2
2026.04.09	00:59:12.761	158.469				2
2026.04.09	00:59:13.368	158.471				2
2026.04.09	00:59:13.664	158.469				2
2026.04.09	00:59:14.265	158.472				2
2026.04.09	00:59:14.564	158.470				2
2026.04.09	00:59:14.865	158.472				2
2026.04.09	00:59:15.165	158.470				2
2026.04.09	00:59:15.469	158.466				2
2026.04.09	00:59:17.271	158.464				2
2026.04.09	00:59:17.576	158.465				2
2026.04.09	00:59:18.477	158.466				2
2026.04.09	00:59:18.780	158.464				2
2026.04.09	00:59:19.083	158.463				2
2026.04.09	00:59:19.679	158.465				2
2026.04.09	00:59:20.586	158.466				2
2026.04.09	00:59:21.188	158.470				2
2026.04.09	00:59:22.399	158.466				2
2026.04.09	00:59:22.701	158.464				2
2026.04.09	00:59:23.913	158.468				2
2026.04.09	00:59:24.214	158.466				2
2026.04.09	00:59:24.512	158.467				2
2026.04.09	00:59:25.720	158.466				2
2026.04.09	00:59:26.617	158.465				2
2026.04.09	00:59:26.917	158.466				2
2026.04.09	00:59:27.221	158.465				2
2026.04.09	00:59:27.520	158.464				2
2026.04.09	00:59:27.818	158.483	158.600			6
2026.04.09	00:59:28.723	158.486				2
2026.04.09	00:59:29.024	158.483				2
2026.04.09	00:59:30.230	158.485				2
2026.04.09	00:59:30.830	158.484				2
2026.04.09	00:59:31.132	158.486				2
2026.04.09	00:59:35.045	158.483				2
2026.04.09	00:59:35.649	158.486				2
2026.04.09	00:59:37.450	158.484	158.624			6
2026.04.09	00:59:38.948	158.486				2
2026.04.09	00:59:40.452	158.485				2
2026.04.09	00:59:41.953	158.486				2
2026.04.09	00:59:44.957	158.491				2
2026.04.09	00:59:45.256	158.485				2
2026.04.09	00:59:45.558	158.488				2
2026.04.09	00:59:45.858	158.486				2
2026.04.09	00:59:46.158	158.488				2
2026.04.09	00:59:46.458	158.489				2
2026.04.09	00:59:47.060	158.488				2
2026.04.09	00:59:48.262	158.489				2
2026.04.09	00:59:50.063	158.492				2
2026.04.09	00:59:50.364	158.490				2
2026.04.09	00:59:51.566	158.489				2
2026.04.09	00:59:54.274	158.490				2
2026.04.09	00:59:55.477	158.491				2
2026.04.09	00:59:56.978	158.495				2
2026.04.09	00:59:57.887	158.490				2
2026.04.09	00:59:58.193	158.491				2
2026.04.09	00:59:59.696	158.497				2
2026.04.09	01:00:00.297	158.497	158.574			6
2026.04.09	01:00:01.197	158.492	158.572			6
2026.04.09	01:00:01.496	158.491	158.573			6
2026.04.09	01:00:01.798	158.487	158.574			6
2026.04.09	01:00:02.099	158.493	158.573			6
2026.04.09	01:00:02.397	158.489	158.574			6
2026.04.09	01:00:02.696		158.573			4
2026.04.09	01:00:03.296	158.491				2
2026.04.09	01:00:03.597	158.490	158.572			6
2026.04.09	01:00:03.898	158.491	158.573			6
2026.04.09	01:00:04.198	158.494	158.572			6
2026.04.09	01:00:04.502	158.493	158.571			6
2026.04.09	01:00:04.799	158.495				2
2026.04.09	01:00:05.100	158.498	158.538			6
2026.04.09	01:00:05.406	158.500				2
2026.04.09	01:00:06.300	158.496				2
2026.04.09	01:00:07.202	158.495				2
2026.04.09	01:00:07.502	158.493				2
2026.04.09	01:00:07.802	158.501	158.534			6
2026.04.09	01:00:08.103	158.499				2
2026.04.09	01:00:08.705	158.497				2
2026.04.09	01:00:09.308	158.490				2
2026.04.09	01:00:10.208	158.492				2
2026.04.09	01:00:13.215	158.493				2
2026.04.09	01:00:13.815	158.494				2
2026.04.09	01:00:14.116	158.489				2
2026.04.09	01:00:15.320	158.487				2
2026.04.09	01:00:16.222	158.486				2
2026.04.09	01:00:17.123	158.485				2
2026.04.09	01:00:17.725	158.487				2
2026.04.09	01:00:18.927	158.489				2
2026.04.09	01:00:19.227	158.487				2
2026.04.09	01:00:19.828	158.485				2
2026.04.09	01:00:20.128	158.487				2
2026.04.09	01:00:20.428	158.484				2
2026.04.09	01:00:21.330	158.488				2
2026.04.09	01:00:21.629	158.489				2
2026.04.09	01:00:23.133	158.496				2
2026.04.09	01:00:23.433	158.491				2
2026.04.09	01:00:23.733	158.490				2
2026.04.09	01:00:24.035	158.493				2
2026.04.09	01:00:27.045	158.492				2
2026.04.09	01:00:27.950	158.493				2
2026.04.09	01:00:31.252	158.494				2
2026.04.09	01:00:31.552	158.493				2
2026.04.09	01:00:32.754	158.494				2
2026.04.09	01:00:33.657		158.569			4
2026.04.09	01:00:36.060	158.490				2
2026.04.09	01:00:36.356	158.495				2
2026.04.09	01:00:36.657	158.498				2
2026.04.09	01:00:37.859	158.496				2
2026.04.09	01:00:38.460	158.495				2
2026.04.09	01:00:39.059	158.496				2
2026.04.09	01:00:40.261	158.498				2
2026.04.09	01:00:40.863	158.511	158.544			6
2026.04.09	01:00:41.762		158.546			4
2026.04.09	01:00:42.061		158.544			4
2026.04.09	01:00:42.962		158.545			4
2026.04.09	01:00:43.262		158.544			4
2026.04.09	01:00:43.563		158.545			4
2026.04.09	01:00:43.863		158.544			4
2026.04.09	01:00:46.566		158.545			4
2026.04.09	01:00:47.168	158.518	158.547			6
2026.04.09	01:00:47.475	158.519	158.550			6
2026.04.09	01:00:57.389	158.535	158.570			6
2026.04.09	01:00:57.992	158.536				2
2026.04.09	01:01:00.097	158.537	158.560			6
2026.04.09	01:01:00.396	158.546	158.552			6
2026.04.09	01:01:00.997	158.548	158.554			6
2026.04.09	01:01:02.798	158.549	158.555			6
2026.04.09	01:01:07.603	158.550	158.556			6
2026.04.09	01:01:12.115		158.555			4
2026.04.09	01:01:15.123		158.556			4
2026.04.09	01:01:15.420	158.547	158.553			6
2026.04.09	01:01:16.318		158.550			4
2026.04.09	01:01:16.619	158.548				2
2026.04.09	01:01:16.917	158.550	158.551			6
2026.04.09	01:01:21.723	158.549	158.550			6
2026.04.09	01:01:22.029	158.548	158.554			6
2026.04.09	01:01:22.324	158.552	158.555			6
2026.04.09	01:01:26.529	158.553	158.556			6
2026.04.09	01:01:32.542	158.552				2
2026.04.09	01:01:32.840	158.555				2
2026.04.09	01:01:33.140	158.558	158.563			6
2026.04.09	01:01:37.649	158.568	158.573			6
2026.04.09	01:01:38.550	158.569	158.574			6
2026.04.09	01:01:40.051	158.570	158.575			6
2026.04.09	01:01:42.155	158.571				2
2026.04.09	01:01:42.755	158.570	158.574			6
2026.04.09	01:01:43.052	158.571				2
2026.04.09	01:01:44.560	158.570				2
2026.04.09	01:01:45.453	158.571				2
2026.04.09	01:01:47.861	158.572				2
2026.04.09	01:01:51.759	158.573				2
2026.04.09	01:01:57.467	158.574	158.575			6
2026.04.09	01:01:59.274	158.573	158.574			6
2026.04.09	01:01:59.576	158.574	158.575			6
2026.04.09	01:02:00.175	158.574				2
2026.04.09	01:02:01.081	158.577	158.581			6
2026.04.09	01:02:01.679	158.578				2
2026.04.09	01:02:02.578	158.577				2
2026.04.09	01:02:03.179	158.578				2
2026.04.09	01:02:03.484	158.579				2
2026.04.09	01:02:05.286	158.578				2
2026.04.09	01:02:10.992		158.580			4
2026.04.09	01:02:14.299		158.579			4
2026.04.09	01:02:14.599	158.573	158.574			6
2026.04.09	01:02:15.205	158.568	158.569			6
2026.04.09	01:02:19.411	158.566	158.567			6
2026.04.09	01:02:23.925	158.565	158.566			6
2026.04.09	01:02:27.529	158.561	158.562			6
2026.04.09	01:02:29.033	158.562	158.563			6
2026.04.09	01:02:29.634	158.561	158.562			6
2026.04.09	01:02:32.038	158.558	158.559			6
2026.04.09	01:02:33.540	158.557	158.558			6
2026.04.09	01:02:34.747	158.556	158.557			6
2026.04.09	01:02:35.045	158.557	158.558			6
2026.04.09	01:02:36.547	158.556	158.557			6
2026.04.09	01:02:36.847	158.555	158.556			6
2026.04.09	01:02:38.347	158.556	158.557			6
2026.04.09	01:02:43.152	158.555	158.556			6
2026.04.09	01:02:45.253	158.556	158.557			6
2026.04.09	01:02:45.557	158.541	158.542			6
2026.04.09	01:02:47.961	158.538	158.539			6
2026.04.09	01:02:48.258	158.537	158.538			6
2026.04.09	01:02:50.058	158.535	158.536			6
2026.04.09	01:02:52.462	158.536	158.537			6
2026.04.09	01:02:56.665	158.524	158.525			6
2026.04.09	01:02:59.065	158.523	158.524			6
2026.04.09	01:03:00.269	158.523				2
2026.04.09	01:03:00.569	158.522	158.523			6
2026.04.09	01:03:00.869		158.524			4
2026.04.09	01:03:01.169	158.521				2
2026.04.09	01:03:01.470	158.518	158.522			6
2026.04.09	01:03:07.181		158.521			4
2026.04.09	01:03:11.382	158.519	158.522			6
2026.04.09	01:03:13.491	158.534	158.537			6
2026.04.09	01:03:13.784	158.532	158.535			6
2026.04.09	01:03:14.384		158.536			4
2026.04.09	01:03:20.098	158.533				2
2026.04.09	01:03:21.306	158.529	158.532			6
2026.04.09	01:03:21.601	158.530	158.533			6
2026.04.09	01:03:21.905	158.529	158.532			6
2026.04.09	01:03:23.406	158.523	158.525			6
2026.04.09	01:03:23.704	158.517	158.520			6
2026.04.09	01:03:24.305	158.516				2
2026.04.09	01:03:24.911	158.511	158.515			6
2026.04.09	01:03:25.205	158.508	158.512			6
2026.04.09	01:03:26.713	158.507	158.511			6
2026.04.09	01:03:29.420	158.508				2
2026.04.09	01:03:29.722		158.512			4
2026.04.09	01:03:30.924	158.518	158.522			6
2026.04.09	01:03:31.224	158.527	158.532			6
2026.04.09	01:03:32.722	158.528	158.533			6
2026.04.09	01:03:36.626	158.527	158.528			6
2026.04.09	01:03:38.731	158.528	158.530			6
2026.04.09	01:03:39.329	158.529				2
2026.04.09	01:03:53.757		158.533			4
2026.04.09	01:03:54.661		158.530			4
2026.04.09	01:03:57.658	158.528	158.529			6
2026.04.09	01:04:00.064	158.528	158.532			6
2026.04.09	01:04:00.966		158.529			4
2026.04.09	01:04:01.265	158.530	158.531			6
2026.04.09	01:04:01.569		158.534			4
2026.04.09	01:04:02.467		158.531			4
2026.04.09	01:04:06.674	158.529	158.530			6
2026.04.09	01:04:07.575		158.532			4
2026.04.09	01:04:29.210		158.531			4
2026.04.09	01:04:34.919	158.528	158.529			6
2026.04.09	01:04:44.527	158.529	158.530			6
2026.04.09	01:04:48.728	158.528	158.529			6
2026.04.09	01:04:49.029	158.529	158.530			6
2026.04.09	01:04:49.329	158.528	158.529			6
2026.04.09	01:04:49.630	158.529	158.530			6
2026.04.09	01:04:49.933	158.528	158.529			6
2026.04.09	01:04:50.238	158.529	158.530			6
2026.04.09	01:04:50.533	158.528	158.529			6
2026.04.09	01:04:50.837	158.529	158.530			6
2026.04.09	01:04:51.133	158.528	158.529			6
2026.04.09	01:04:51.433	158.529	158.530			6
2026.04.09	01:04:51.735	158.528	158.529			6
2026.04.09	01:04:52.034	158.529	158.530			6
2026.04.09	01:04:56.846	158.524	158.525			6
2026.04.09	01:04:57.147	158.522	158.523			6
2026.04.09	01:04:57.447	158.523	158.524			6
2026.04.09	01:04:57.750	158.522	158.523			6
2026.04.09	01:04:58.350	158.521	158.522			6
2026.04.09	01:05:00.157	158.518	158.519			6
2026.04.09	01:05:01.358	158.513	158.514			6
2026.04.09	01:05:03.759	158.512	158.513			6
2026.04.09	01:05:05.261	158.513	158.514			6
2026.04.09	01:05:05.559	158.515	158.516			6
2026.04.09	01:05:07.959	158.513	158.514			6
2026.04.09	01:05:10.963	158.515	158.516			6
2026.04.09	01:05:11.862	158.513	158.514			6
2026.04.09	01:05:15.165	158.512	158.513			6
2026.04.09	01:05:21.779	158.513	158.514			6
2026.04.09	01:05:22.687	158.512	158.513			6
2026.04.09	01:05:28.106	158.513	158.514			6
2026.04.09	01:05:32.611	158.512	158.513			6
2026.04.09	01:05:34.413	158.513	158.514			6
2026.04.09	01:05:34.719	158.514	158.515			6
2026.04.09	01:05:35.616	158.518	158.519			6
2026.04.09	01:05:35.916	158.517	158.518			6
2026.04.09	01:05:37.119	158.516	158.517			6
2026.04.09	01:05:38.026	158.518	158.519			6
2026.04.09	01:05:38.626	158.517	158.518			6
2026.04.09	01:05:39.227	158.516	158.517			6
2026.04.09	01:05:44.046	158.517	158.518			6
2026.04.09	01:05:48.852	158.516	158.517			6
2026.04.09	01:05:54.861	158.517	158.518			6
2026.04.09	01:05:55.158	158.515	158.516			6
2026.04.09	01:05:55.461	158.514	158.515			6
2026.04.09	01:05:55.759	158.515	158.516			6
2026.04.09	01:06:00.272	158.515				2
2026.04.09	01:06:03.885	158.514	158.515			6
2026.04.09	01:06:05.990	158.515	158.516			6
2026.04.09	01:06:06.287	158.539	158.540			6
2026.04.09	01:06:06.587	158.540	158.541			6
2026.04.09	01:06:07.189	158.539	158.540			6
2026.04.09	01:06:07.794	158.540	158.541			6
2026.04.09	01:06:10.503	158.541	158.543			6
2026.04.09	01:06:11.110	158.540	158.541			6
2026.04.09	01:06:14.120	158.541	158.542			6
2026.04.09	01:06:18.926	158.543	158.544			6
2026.04.09	01:06:19.528	158.541	158.542			6
2026.04.09	01:06:22.548	158.542	158.543			6
2026.04.09	01:06:23.147	158.541	158.542			6
2026.04.09	01:06:26.754	158.542	158.543			6
2026.04.09	01:06:30.665	158.541	158.542			6
2026.04.09	01:06:38.494	158.542	158.543			6
2026.04.09	01:06:39.096	158.541	158.542			6
2026.04.09	01:06:59.847	158.540	158.541			6
2026.04.09	01:07:00.147	158.540				2
2026.04.09	01:07:01.951	158.542	158.543			6
2026.04.09	01:07:38.621	158.543	158.544			6
2026.04.09	01:07:42.828	158.542	158.543			6
2026.04.09	01:07:43.131	158.543	158.544			6
2026.04.09	01:07:50.647	158.545	158.546			6
2026.04.09	01:07:51.547	158.542	158.543			6
2026.04.09	01:07:52.150	158.541	158.542			6
2026.04.09	01:08:00.266	158.541				2
2026.04.09	01:08:22.526	158.542	158.543			6
2026.04.09	01:08:49.280	158.539	158.540			6
2026.04.09	01:08:49.578	158.537	158.538			6
2026.04.09	01:08:50.180	158.539	158.540			6
2026.04.09	01:08:51.080	158.537	158.538			6
2026.04.09	01:08:51.379	158.536	158.537			6
2026.04.09	01:08:53.788	158.533	158.534			6
2026.04.09	01:08:54.691	158.531	158.532			6
2026.04.09	01:09:00.102	158.531				2
2026.04.09	01:09:02.212	158.530	158.531			6
2026.04.09	01:09:16.054	158.534	158.535			6
2026.04.09	01:09:16.355	158.535	158.536			6
2026.04.09	01:09:16.954	158.530	158.531			6
2026.04.09	01:09:31.374	158.529	158.530			6
2026.04.09	01:09:44.011	158.540	158.541			6
2026.04.09	01:09:44.300	158.542	158.543			6
2026.04.09	01:09:45.500	158.541	158.542			6
2026.04.09	01:09:49.711	158.542	158.543			6
2026.04.09	01:10:00.238	158.542				2
2026.04.09	01:10:13.164	158.541	158.542			6
2026.04.09	01:10:23.379	158.542	158.543			6
2026.04.09	01:10:38.427	158.548	158.549			6
2026.04.09	01:10:38.721	158.552	158.553			6
2026.04.09	01:10:39.626	158.553	158.554			6
2026.04.09	01:10:40.528	158.546	158.547			6
2026.04.09	01:10:40.828	158.545	158.546			6
2026.04.09	01:10:41.729	158.543	158.544			6
2026.04.09	01:10:42.630	158.542	158.543			6
2026.04.09	01:10:44.733	158.541	158.542			6
2026.04.09	01:10:46.534	158.540	158.541			6
2026.04.09	01:10:51.347	158.541	158.542			6
2026.04.09	01:11:00.066	158.541				2
2026.04.09	01:11:00.362	158.540	158.541			6
2026.04.09	01:11:16.000	158.541	158.542			6
2026.04.09	01:11:19.610	158.542	158.543			6
2026.04.09	01:11:42.154	158.543	158.544			6
2026.04.09	01:11:47.567	158.544	158.545			6
2026.04.09	01:12:00.185	158.544				2
2026.04.09	01:12:04.100	158.545	158.546			6
2026.04.09	01:12:04.398	158.544	158.545			6
2026.04.09	01:12:08.617	158.543	158.544			6
2026.04.09	01:12:18.833	158.544	158.545			6
2026.04.09	01:12:40.185	158.545	158.546			6
2026.04.09	01:12:40.485	158.544	158.545			6
2026.04.09	01:12:40.784	158.556	158.557			6
2026.04.09	01:12:57.938	158.566	158.567			6
2026.04.09	01:12:58.233	158.563	158.564			6
2026.04.09	01:13:00.036	158.563				2
2026.04.09	01:13:02.140	158.562	158.563			6
2026.04.09	01:13:03.043	158.561	158.562			6
2026.04.09	01:13:03.348	158.557	158.558			6
2026.04.09	01:13:04.246	158.556	158.557			6
2026.04.09	01:13:12.055	158.557	158.558			6
2026.04.09	01:13:13.258	158.556	158.557			6
2026.04.09	01:13:21.666	158.555	158.556			6
2026.04.09	01:13:21.964	158.556	158.557			6
2026.04.09	01:13:22.866	158.557	158.558			6
2026.04.09	01:13:24.365	158.555	158.556			6
2026.04.09	01:13:29.778	158.556	158.557			6
2026.04.09	01:13:30.083	158.557	158.558			6
2026.04.09	01:13:37.300	158.556	158.557			6
2026.04.09	01:13:41.513	158.555	158.556			6
2026.04.09	01:13:49.027	158.556	158.557			6
2026.04.09	01:13:52.332	158.555	158.556			6
2026.04.09	01:13:54.136	158.556	158.557			6
2026.04.09	01:14:00.147	158.556				2
2026.04.09	01:14:11.559	158.557	158.558			6
2026.04.09	01:15:00.273	158.557				2
2026.04.09	01:15:05.376	158.556	158.557			6
2026.04.09	01:15:05.677	158.557	158.558			6
2026.04.09	01:15:06.277	158.556	158.557			6
2026.04.09	01:15:08.083	158.557	158.558			6
2026.04.09	01:15:11.093	158.555	158.556			6
2026.04.09	01:15:11.389	158.557	158.558			6
2026.04.09	01:15:15.897	158.558	158.559			6
2026.04.09	01:15:16.800	158.557	158.558			6
2026.04.09	01:16:00.107	158.557				2
2026.04.09	01:16:05.210	158.558	158.559			6
2026.04.09	01:16:07.314	158.557	158.558			6
2026.04.09	01:16:08.813	158.558	158.559			6
2026.04.09	01:16:33.746	158.557	158.558			6
2026.04.09	01:16:42.457	158.558	158.559			6
2026.04.09	01:16:48.164	158.557	158.558			6
2026.04.09	01:16:53.271	158.558	158.559			6
2026.04.09	01:17:00.184	158.558				2
2026.04.09	01:17:03.786	158.557	158.558			6
2026.04.09	01:17:12.809	158.558	158.559			6
2026.04.09	01:17:15.208	158.557	158.558			6
2026.04.09	01:17:26.930	158.558	158.559			6
2026.04.09	01:17:33.842	158.557	158.558			6
2026.04.09	01:17:38.951	158.558	158.559			6
2026.04.09	01:18:00.277	158.558				2
2026.04.09	01:18:03.284	158.567	158.568			6
2026.04.09	01:18:03.591	158.568	158.569			6
2026.04.09	01:18:14.103	158.569	158.570			6
2026.04.09	01:18:38.459	158.570	158.571			6
2026.04.09	01:18:49.578	158.569	158.570			6
2026.04.09	01:18:56.485	158.570	158.571			6
2026.04.09	01:19:00.096	158.570				2
2026.04.09	01:19:16.026	158.576	158.577			6
2026.04.09	01:19:16.325	158.581	158.582			6
2026.04.09	01:19:16.626	158.574	158.575			6
2026.04.09	01:19:43.062	158.571	158.572			6
2026.04.09	01:19:43.366	158.570	158.571			6
2026.04.09	01:19:45.763	158.569	158.570			6
2026.04.09	01:19:48.774	158.568	158.569			6
2026.04.09	01:19:49.074	158.569	158.570			6
2026.04.09	01:20:00.199	158.569				2
2026.04.09	01:20:11.921	158.568	158.569			6
2026.04.09	01:20:15.227	158.569	158.570			6
2026.04.09	01:20:18.242	158.570	158.571			6
2026.04.09	01:20:18.538	158.569	158.570			6
2026.04.09	01:20:19.145	158.570	158.571			6
2026.04.09	01:20:31.763	158.569	158.570			6
2026.04.09	01:20:32.063	158.574	158.575			6
2026.04.09	01:20:34.764	158.573	158.574			6
2026.04.09	01:20:35.966	158.574	158.575			6
2026.04.09	01:20:45.881	158.573	158.574			6
2026.04.09	01:20:56.104	158.570	158.571			6
2026.04.09	01:20:56.404	158.568	158.569			6
2026.04.09	01:20:57.305	158.569	158.570			6
2026.04.09	01:20:58.206	158.568	158.569			6
2026.04.09	01:21:00.011	158.568				2
2026.04.09	01:21:10.826	158.567	158.568			6
2026.04.09	01:21:13.228	158.566	158.567			6
2026.04.09	01:21:25.553	158.567	158.568			6
2026.04.09	01:21:33.664	158.566	158.567			6
2026.04.09	01:21:38.463	158.578	158.579			6
2026.04.09	01:21:39.663	158.575	158.576			6
2026.04.09	01:21:40.563	158.574	158.575			6
2026.04.09	01:21:42.065	158.575	158.576			6
2026.04.09	01:21:44.468	158.574	158.575			6
2026.04.09	01:21:45.972	158.575	158.576			6
2026.04.09	01:21:47.772	158.569	158.570			6
2026.04.09	01:21:48.075	158.568	158.569			6
2026.04.09	01:21:49.879	158.567	158.568			6
2026.04.09	01:21:54.387	158.566	158.567			6
2026.04.09	01:21:54.687	158.567	158.568			6
2026.04.09	01:22:00.095	158.567				2
2026.04.09	01:22:00.694	158.568	158.569			6
2026.04.09	01:22:13.928	158.567	158.568			6
2026.04.09	01:22:14.221	158.568	158.569			6
2026.04.09	01:22:14.826	158.567	158.568			6
2026.04.09	01:22:43.378	158.566	158.567			6
2026.04.09	01:22:53.017	158.567	158.568			6
2026.04.09	01:22:54.220	158.566	158.567			6
2026.04.09	01:22:59.335	158.567	158.568			6
2026.04.09	01:23:00.236	158.566	158.567			6
2026.04.09	01:23:01.734	158.567	158.568			6
2026.04.09	01:23:02.036	158.566	158.567			6
2026.04.09	01:23:10.747	158.567	158.568			6
2026.04.09	01:23:14.659	158.568	158.569			6
2026.04.09	01:23:17.664	158.571	158.572			6
2026.04.09	01:23:18.262	158.569	158.570			6
2026.04.09	01:23:19.762	158.568	158.569			6
2026.04.09	01:23:26.673	158.567	158.568			6
2026.04.09	01:23:29.081	158.568	158.569			6
2026.04.09	01:23:31.484	158.569	158.570			6
2026.04.09	01:23:51.615	158.568	158.569			6
2026.04.09	01:23:57.629	158.570	158.571			6
2026.04.09	01:24:00.028	158.570				2
2026.04.09	01:24:03.936	158.571	158.572			6
2026.04.09	01:24:04.241	158.570	158.571			6
2026.04.09	01:24:05.445	158.571	158.572			6
2026.04.09	01:24:13.255	158.570	158.571			6
2026.04.09	01:24:28.578	158.571	158.572			6
2026.04.09	01:24:32.781	158.573	158.574			6
2026.04.09	01:24:33.085	158.574	158.575			6
2026.04.09	01:24:36.996	158.573	158.574			6
2026.04.09	01:24:37.599	158.572	158.573			6
2026.04.09	01:24:39.095	158.571	158.572			6
2026.04.09	01:24:39.696	158.572	158.573			6
2026.04.09	01:24:41.797	158.575	158.576			6
2026.04.09	01:24:42.097	158.577	158.578			6
2026.04.09	01:24:43.302	158.576	158.577			6
2026.04.09	01:24:56.527	158.574	158.575			6
2026.04.09	01:24:58.032	158.575	158.576			6
2026.04.09	01:24:58.326	158.576	158.577			6
2026.04.09	01:25:00.130	158.576				2
2026.04.09	01:25:07.048	158.577	158.578			6
2026.04.09	01:25:07.648	158.576	158.577			6
2026.04.09	01:25:10.951	158.577	158.578			6
2026.04.09	01:25:11.257	158.573	158.574			6
2026.04.09	01:25:11.851	158.571	158.572			6
2026.04.09	01:25:12.757	158.570	158.571			6
2026.04.09	01:25:13.353	158.571	158.572			6
2026.04.09	01:25:21.168	158.570	158.571			6
2026.04.09	01:25:25.391	158.568	158.569			6
2026.04.09	01:25:26.893	158.571	158.572			6
2026.04.09	01:25:27.199	158.570	158.571			6
2026.04.09	01:25:38.917	158.569	158.570			6
2026.04.09	01:25:42.226	158.568	158.569			6
2026.04.09	01:25:44.329	158.569	158.570			6
2026.04.09	01:25:46.131	158.568	158.569			6
2026.04.09	01:25:48.242	158.569	158.570			6
2026.04.09	01:25:50.344	158.568	158.569			6
2026.04.09	01:26:00.260	158.568				2
2026.04.09	01:26:03.864	158.569	158.570			6
2026.04.09	01:26:09.867	158.568	158.569			6
2026.04.09	01:26:11.678	158.569	158.570			6
2026.04.09	01:26:13.477	158.568	158.569			6
2026.04.09	01:26:30.618	158.569	158.570			6
2026.04.09	01:26:32.122	158.568	158.569			6
2026.04.09	01:26:33.930	158.567	158.568			6
2026.04.09	01:26:36.936	158.568	158.569			6
2026.04.09	01:26:40.844	158.567	158.568			6
2026.04.09	01:26:41.144	158.568	158.569			6
2026.04.09	01:26:41.442	158.567	158.568			6
2026.04.09	01:26:48.953	158.566	158.567			6
2026.04.09	01:27:00.064	158.566				2
2026.04.09	01:27:03.669	158.567	158.568			6
2026.04.09	01:27:08.484	158.566	158.567			6
2026.04.09	01:27:13.601	158.567	158.568			6
2026.04.09	01:27:18.709	158.566	158.567			6
2026.04.09	01:27:31.332	158.565	158.566			6
2026.04.09	01:27:34.640	158.567	158.568			6
2026.04.09	01:27:36.141	158.566	158.567			6
2026.04.09	01:27:37.346	158.567	158.568			6
2026.04.09	01:27:50.568	158.566	158.567			6
2026.04.09	01:27:56.880	158.567	158.568			6
2026.04.09	01:27:57.185	158.566	158.567			6
2026.04.09	01:28:00.191	158.566				2
2026.04.09	01:28:40.459	158.567	158.568			6
2026.04.09	01:28:46.167	158.565	158.566			6
2026.04.09	01:29:00.019	158.565				2
2026.04.09	01:29:03.326	158.566	158.567			6
2026.04.09	01:29:03.924	158.565	158.566			6
2026.04.09	01:29:04.831	158.566	158.567			6
2026.04.09	01:29:09.037	158.565	158.566			6
2026.04.09	01:29:22.263	158.564	158.565			6
2026.04.09	01:29:22.566	158.556	158.557			6
2026.04.09	01:29:23.766	158.555	158.556			6
2026.04.09	01:29:51.111	158.557	158.558			6
2026.04.09	01:29:51.407	158.556	158.557			6
2026.04.09	01:29:54.115	158.555	158.556			6
2026.04.09	01:29:56.222	158.554	158.555			6
2026.04.09	01:29:57.724	158.552	158.553			6
2026.04.09	01:30:00.129	158.552				2
2026.04.09	01:30:04.029	158.553	158.554			6
2026.04.09	01:30:11.544	158.555	158.556			6
2026.04.09	01:30:14.855	158.556	158.557			6
2026.04.09	01:30:15.151	158.555	158.556			6
2026.04.09	01:30:15.453	158.556	158.557			6
2026.04.09	01:30:15.755	158.555	158.556			6
2026.04.09	01:30:16.051	158.556	158.557			6
2026.04.09	01:30:16.352	158.555	158.556			6
2026.04.09	01:30:21.456	158.556	158.557			6
2026.04.09	01:30:23.260	158.555	158.556			6
2026.04.09	01:30:23.563	158.556	158.557			6
2026.04.09	01:30:24.462	158.555	158.556			6
2026.04.09	01:30:24.766	158.556	158.557			6
2026.04.09	01:30:31.973	158.557	158.558			6
2026.04.09	01:30:32.271	158.556	158.557			6
2026.04.09	01:30:32.568	158.557	158.558			6
2026.04.09	01:30:39.487	158.559	158.560			6
2026.04.09	01:30:39.794	158.566	158.567			6
2026.04.09	01:30:40.688	158.567	158.568			6
2026.04.09	01:30:49.107	158.568	158.569			6
2026.04.09	01:31:00.227	158.568				2
2026.04.09	01:31:07.436	158.569	158.570			6
2026.04.09	01:31:08.638	158.568	158.569			6
2026.04.09	01:31:09.239	158.567	158.568			6
2026.04.09	01:31:14.955	158.568	158.569			6
2026.04.09	01:31:19.159	158.569	158.570			6
2026.04.09	01:31:26.671	158.570	158.571			6
2026.04.09	01:31:26.968	158.569	158.570			6
2026.04.09	01:31:32.385	158.570	158.571			6
2026.04.09	01:31:33.291	158.569	158.570			6
2026.04.09	01:31:33.891	158.570	158.571			6
2026.04.09	01:31:35.693	158.569	158.570			6
2026.04.09	01:31:35.993	158.570	158.571			6
2026.04.09	01:31:36.296	158.569	158.570			6
2026.04.09	01:31:36.599	158.570	158.571			6
2026.04.09	01:31:36.896	158.571	158.572			6
2026.04.09	01:31:37.496	158.570	158.571			6
2026.04.09	01:31:38.098	158.571	158.572			6
2026.04.09	01:31:38.398	158.570	158.571			6
2026.04.09	01:31:38.699	158.569	158.570			6
2026.04.09	01:31:38.998	158.570	158.571			6
2026.04.09	01:31:39.298	158.569	158.570			6
2026.04.09	01:31:39.898	158.570	158.571			6
2026.04.09	01:31:41.400	158.569	158.570			6
2026.04.09	01:31:41.700	158.570	158.571			6
2026.04.09	01:31:45.309	158.571	158.572			6
2026.04.09	01:31:45.610	158.572	158.573			6
2026.04.09	01:31:45.903	158.571	158.572			6
2026.04.09	01:31:46.507	158.572	158.573			6
2026.04.09	01:31:48.609	158.571	158.572			6
2026.04.09	01:31:50.415	158.572	158.573			6
2026.04.09	01:31:51.011	158.571	158.572			6
2026.04.09	01:32:00.028	158.571				2
2026.04.09	01:32:00.926	158.572	158.573			6
2026.04.09	01:32:01.829	158.571	158.572			6
2026.04.09	01:32:02.127	158.572	158.573			6
2026.04.09	01:32:03.929	158.581	158.582			6
2026.04.09	01:32:06.631	158.582	158.583			6
2026.04.09	01:32:07.536	158.581	158.582			6
2026.04.09	01:32:08.136	158.582	158.583			6
2026.04.09	01:32:37.285	158.583	158.584			6
2026.04.09	01:32:38.485	158.584	158.585			6
2026.04.09	01:32:39.994	158.582	158.583			6
2026.04.09	01:32:49.911	158.583	158.584			6
2026.04.09	01:32:50.213	158.582	158.583			6
2026.04.09	01:32:51.718	158.583	158.584			6
2026.04.09	01:32:52.018	158.582	158.583			6
2026.04.09	01:33:00.139	158.582				2
2026.04.09	01:33:07.361	158.581	158.582			6
2026.04.09	01:33:07.661	158.582	158.583			6
2026.04.09	01:33:21.174	158.581	158.582			6
2026.04.09	01:33:21.479	158.582	158.583			6
2026.04.09	01:33:22.079	158.581	158.582			6
2026.04.09	01:33:22.379	158.582	158.583			6
2026.04.09	01:33:25.979	158.583	158.584			6
2026.04.09	01:33:30.191	158.582	158.583			6
2026.04.09	01:33:30.489	158.583	158.584			6
2026.04.09	01:33:31.991	158.571	158.572			6
2026.04.09	01:33:33.192	158.570	158.571			6
2026.04.09	01:33:33.492	158.571	158.572			6
2026.04.09	01:33:35.001	158.570	158.571			6
2026.04.09	01:33:45.219	158.569	158.570			6
2026.04.09	01:33:46.117	158.570	158.571			6
2026.04.09	01:33:47.623	158.569	158.570			6
2026.04.09	01:33:48.223	158.570	158.571			6
2026.04.09	01:33:51.830	158.569	158.570			6
2026.04.09	01:33:52.131	158.570	158.571			6
2026.04.09	01:33:52.427	158.569	158.570			6
2026.04.09	01:33:53.029	158.570	158.571			6
2026.04.09	01:33:55.131	158.571	158.572			6
2026.04.09	01:33:55.429	158.570	158.571			6
2026.04.09	01:33:58.436	158.569	158.570			6
2026.04.09	01:33:58.741	158.570	158.571			6
2026.04.09	01:34:00.239	158.570				2
2026.04.09	01:34:15.857	158.571	158.572			6
2026.04.09	01:34:16.157	158.570	158.571			6
2026.04.09	01:34:16.458	158.571	158.572			6
2026.04.09	01:34:17.656	158.570	158.571			6
2026.04.09	01:34:18.560	158.571	158.572			6
2026.04.09	01:34:19.161	158.570	158.571			6
2026.04.09	01:34:22.172	158.571	158.572			6
2026.04.09	01:34:25.467	158.570	158.571			6
2026.04.09	01:34:33.578	158.571	158.572			6
2026.04.09	01:34:33.879	158.570	158.571			6
2026.04.09	01:34:35.083	158.571	158.572			6
2026.04.09	01:34:35.682	158.570	158.571			6
2026.04.09	01:34:36.280	158.571	158.572			6
2026.04.09	01:34:36.583	158.570	158.571			6
2026.04.09	01:34:38.380	158.571	158.572			6
2026.04.09	01:34:38.681	158.570	158.571			6
2026.04.09	01:34:55.205	158.569	158.570			6
2026.04.09	01:34:58.816	158.570	158.571			6
2026.04.09	01:34:59.115	158.569	158.570			6
2026.04.09	01:34:59.415	158.570	158.571			6
2026.04.09	01:34:59.715	158.569	158.570			6
2026.04.09	01:35:00.016	158.569				2
2026.04.09	01:35:00.621	158.570	158.571			6
2026.04.09	01:35:01.217	158.569	158.570			6
2026.04.09	01:35:02.118	158.570	158.571			6
2026.04.09	01:35:02.419	158.569	158.570			6
2026.04.09	01:35:03.922	158.570	158.571			6
2026.04.09	01:35:04.218	158.569	158.570			6
2026.04.09	01:35:05.418	158.570	158.571			6
2026.04.09	01:35:05.718	158.569	158.570			6
2026.04.09	01:35:06.918	158.570	158.571			6
2026.04.09	01:35:07.220	158.569	158.570			6
2026.04.09	01:35:07.521	158.571	158.572			6
2026.04.09	01:35:07.821	158.570	158.571			6
2026.04.09	01:35:10.222	158.571	158.572			6
2026.04.09	01:35:11.724	158.570	158.571			6
2026.04.09	01:35:12.024	158.571	158.572			6
2026.04.09	01:35:12.923	158.570	158.571			6
2026.04.09	01:35:14.134	158.569	158.570			6
2026.04.09	01:35:17.434	158.570	158.571			6
2026.04.09	01:35:21.942	158.569	158.570			6
2026.04.09	01:35:25.543	158.570	158.571			6
2026.04.09	01:35:25.843	158.569	158.570			6
2026.04.09	01:35:29.146	158.570	158.571			6
2026.04.09	01:35:29.448	158.569	158.570			6
2026.04.09	01:35:36.357	158.570	158.571			6
2026.04.09	01:35:36.657	158.569	158.570			6
2026.04.09	01:35:37.558	158.570	158.571			6
2026.04.09	01:35:37.857	158.569	158.570			6
2026.04.09	01:35:38.456	158.570	158.571			6
2026.04.09	01:35:38.758	158.569	158.570			6
2026.04.09	01:35:41.457	158.570	158.571			6
2026.04.09	01:35:41.756	158.569	158.570			6
2026.04.09	01:35:44.757	158.568	158.569			6
2026.04.09	01:35:45.058	158.569	158.570			6
2026.04.09	01:35:46.259	158.570	158.571			6
2026.04.09	01:35:48.061	158.569	158.570			6
2026.04.09	01:35:48.361	158.570	158.571			6
2026.04.09	01:35:50.763	158.544	158.545			6
2026.04.09	01:35:51.066	158.545	158.546			6
2026.04.09	01:35:51.362	158.543	158.545			6
2026.04.09	01:35:51.665	158.542	158.544			6
2026.04.09	01:35:51.963	158.543	158.545			6
2026.04.09	01:35:53.464	158.542	158.544			6
2026.04.09	01:35:53.766	158.543	158.545			6
2026.04.09	01:36:00.083	158.543				2
2026.04.09	01:36:10.904	158.544	158.546			6
2026.04.09	01:36:11.203	158.545	158.547			6
2026.04.09	01:36:15.415	158.546	158.548			6
2026.04.09	01:36:18.121	158.544	158.546			6
2026.04.09	01:36:18.728	158.545	158.547			6
2026.04.09	01:36:22.326	158.546				2
2026.04.09	01:36:53.898	158.547	158.548			6
2026.04.09	01:36:57.201	158.546	158.547			6
2026.04.09	01:36:59.308	158.547	158.548			6
2026.04.09	01:37:00.208	158.547				2
2026.04.09	01:37:02.621	158.546	158.547			6
2026.04.09	01:37:04.425	158.547	158.548			6
2026.04.09	01:37:09.541	158.546	158.547			6
2026.04.09	01:37:15.255	158.547	158.548			6
2026.04.09	01:37:17.350	158.546	158.547			6
2026.04.09	01:37:17.651	158.547	158.548			6
2026.04.09	01:37:22.160	158.557	158.558			6
2026.04.09	01:37:35.375	158.558	158.559			6
2026.04.09	01:38:00.034	158.558				2
2026.04.09	01:38:09.946	158.559	158.560			6
2026.04.09	01:38:10.550	158.558	158.559			6
2026.04.09	01:38:17.456	158.559	158.560			6
2026.04.09	01:38:20.458	158.558	158.559			6
2026.04.09	01:38:27.379	158.559	158.560			6
2026.04.09	01:38:27.682	158.558	158.559			6
2026.04.09	01:38:29.180	158.559	158.560			6
2026.04.09	01:38:30.077	158.558	158.559			6
2026.04.09	01:38:46.617	158.555	158.556			6
2026.04.09	01:38:48.715	158.554	158.555			6
2026.04.09	01:38:49.016	158.555	158.556			6
2026.04.09	01:38:49.616	158.554	158.555			6
2026.04.09	01:38:49.916	158.555	158.556			6
2026.04.09	01:38:50.218	158.547	158.548			6
2026.04.09	01:38:50.516	158.548	158.549			6
2026.04.09	01:38:50.818	158.547	158.548			6
2026.04.09	01:38:57.442	158.558	158.559			6
2026.04.09	01:38:57.744	158.559	158.560			6
2026.04.09	01:38:59.242	158.560	158.561			6
2026.04.09	01:39:00.145	158.560				2
2026.04.09	01:39:09.153	158.559	158.560			6
2026.04.09	01:39:19.692	158.560	158.561			6
2026.04.09	01:39:22.393	158.559	158.560			6
2026.04.09	01:39:43.435	158.560	158.561			6
2026.04.09	01:39:43.736	158.559	158.560			6
2026.04.09	01:39:52.157	158.560	158.561			6
2026.04.09	01:39:52.457	158.559	158.560			6
2026.04.09	01:39:57.864	158.560	158.561			6
2026.04.09	01:40:00.266	158.560				2
2026.04.09	01:40:02.667	158.561	158.562			6
2026.04.09	01:40:02.970	158.560	158.561			6
2026.04.09	01:40:04.172	158.561	158.562			6
2026.04.09	01:40:04.474	158.560	158.561			6
2026.04.09	01:40:05.976	158.559	158.560			6
2026.04.09	01:40:08.385	158.560	158.561			6
2026.04.09	01:40:08.685	158.559	158.560			6
2026.04.09	01:40:10.792	158.560	158.561			6
2026.04.09	01:40:11.393	158.559	158.560			6
2026.04.09	01:40:11.695	158.560	158.561			6
2026.04.09	01:40:20.718	158.559	158.560			6
2026.04.09	01:40:35.152	158.560	158.561			6
2026.04.09	01:40:38.454	158.565	158.566			6
2026.04.09	01:40:42.057	158.567	158.568			6
2026.04.09	01:40:42.356	158.570	158.571			6
2026.04.09	01:40:42.658	158.569	158.570			6
2026.04.09	01:40:43.261	158.570	158.571			6
2026.04.09	01:40:43.858	158.569	158.570			6
2026.04.09	01:40:46.865	158.570	158.571			6
2026.04.09	01:40:47.161	158.569	158.570			6
2026.04.09	01:40:47.463	158.570	158.571			6
2026.04.09	01:40:50.167	158.569	158.570			6
2026.04.09	01:40:50.468	158.570	158.571			6
2026.04.09	01:40:52.572	158.569	158.570			6
2026.04.09	01:40:52.876	158.570	158.571			6
2026.04.09	01:40:53.474	158.569	158.570			6
2026.04.09	01:40:54.077	158.570	158.571			6
2026.04.09	01:40:54.376	158.569	158.570			6
2026.04.09	01:40:54.676	158.570	158.571			6
2026.04.09	01:41:00.086	158.570				2
2026.04.09	01:41:02.796	158.569	158.570			6
2026.04.09	01:41:03.697	158.570	158.571			6
2026.04.09	01:41:05.201	158.569	158.570			6
2026.04.09	01:41:05.496	158.570	158.571			6
2026.04.09	01:41:06.697	158.569	158.570			6
2026.04.09	01:41:06.997	158.570	158.571			6
2026.04.09	01:41:08.496	158.569	158.570			6
2026.04.09	01:41:08.795	158.570	158.571			6
2026.04.09	01:41:09.396	158.569	158.570			6
2026.04.09	01:41:09.698	158.570	158.571			6
2026.04.09	01:41:13.305	158.569	158.570			6
2026.04.09	01:41:13.906	158.570	158.571			6
2026.04.09	01:41:14.206	158.569	158.570			6
2026.04.09	01:41:15.713	158.570	158.571			6
2026.04.09	01:41:16.315	158.569	158.570			6
2026.04.09	01:41:16.615	158.570	158.571			6
2026.04.09	01:41:17.516	158.569	158.570			6
2026.04.09	01:41:19.622	158.570	158.571			6
2026.04.09	01:41:19.921	158.569	158.570			6
2026.04.09	01:41:21.727	158.570	158.571			6
2026.04.09	01:41:22.024	158.569	158.570			6
2026.04.09	01:41:22.328	158.570	158.571			6
2026.04.09	01:41:22.626	158.569	158.570			6
2026.04.09	01:41:23.227	158.570	158.571			6
2026.04.09	01:41:23.525	158.569	158.570			6
2026.04.09	01:41:26.828	158.570	158.571			6
2026.04.09	01:41:27.127	158.569	158.570			6
2026.04.09	01:41:27.435	158.558	158.559			6
2026.04.09	01:41:28.629	158.556	158.557			6
2026.04.09	01:41:31.939	158.545	158.546			6
2026.04.09	01:41:32.238	158.546	158.547			6
2026.04.09	01:41:33.141	158.545	158.546			6
2026.04.09	01:41:34.342	158.544	158.545			6
2026.04.09	01:41:34.647	158.545	158.546			6
2026.04.09	01:41:35.245	158.543	158.544			6
2026.04.09	01:41:35.544	158.544	158.545			6
2026.04.09	01:41:35.843	158.543	158.544			6
2026.04.09	01:41:36.745	158.545	158.546			6
2026.04.09	01:41:37.945	158.546	158.547			6
2026.04.09	01:41:38.246	158.556	158.557			6
2026.04.09	01:41:38.546	158.557	158.558			6
2026.04.09	01:41:38.853	158.556	158.557			6
2026.04.09	01:41:39.155		158.558			4
2026.04.09	01:41:40.056	158.555	158.557			6
2026.04.09	01:41:40.657	158.556	158.558			6
2026.04.09	01:41:43.357	158.554	158.556			6
2026.04.09	01:41:43.961	158.555	158.557			6
2026.04.09	01:41:44.557	158.556	158.558			6
2026.04.09	01:41:50.272	158.557				2
2026.04.09	01:41:52.978	158.558	158.559			6
2026.04.09	01:42:00.194	158.558				2
2026.04.09	01:42:03.798	158.557	158.558			6
2026.04.09	01:42:08.009	158.558	158.559			6
2026.04.09	01:42:08.304	158.557	158.558			6
2026.04.09	01:42:14.321	158.558	158.559			6
2026.04.09	01:42:14.626	158.557	158.558			6
2026.04.09	01:42:14.931	158.554	158.555			6
2026.04.09	01:42:15.222	158.555	158.556			6
2026.04.09	01:42:15.827	158.554	158.555			6
2026.04.09	01:42:16.723	158.555	158.556			6
2026.04.09	01:42:17.023	158.554	158.555			6
2026.04.09	01:42:19.727	158.555	158.556			6
2026.04.09	01:42:20.032	158.557	158.558			6
2026.04.09	01:42:20.330	158.556	158.557			6
2026.04.09	01:42:20.633	158.557	158.558			6
2026.04.09	01:42:47.674	158.558	158.559			6
2026.04.09	01:42:58.512	158.557	158.558			6
2026.04.09	01:43:00.024	158.557				2
2026.04.09	01:43:03.629	158.558	158.559			6
2026.04.09	01:43:11.452	158.557	158.558			6
2026.04.09	01:43:53.253	158.558	158.559			6
2026.04.09	01:44:00.160	158.558				2
2026.04.09	01:44:25.413	158.559	158.560			6
2026.04.09	01:44:32.331	158.558	158.559			6
2026.04.09	01:44:34.737	158.557	158.558			6
2026.04.09	01:44:43.154	158.559	158.560			6
2026.04.09	01:44:43.451	158.558	158.559			6
2026.04.09	01:45:00.276	158.558				2
2026.04.09	01:45:05.087	158.559	158.560			6
2026.04.09	01:45:17.446	158.560	158.561			6
2026.04.09	01:45:17.744	158.559	158.560			6
2026.04.09	01:45:31.270	158.560	158.561			6
2026.04.09	01:45:31.572	158.559	158.560			6
2026.04.09	01:45:41.495	158.560	158.561			6
2026.04.09	01:45:53.217	158.559	158.560			6
2026.04.09	01:45:53.515	158.558	158.559			6
2026.04.09	01:45:58.927	158.559	158.560			6
2026.04.09	01:45:59.528	158.558	158.559			6
2026.04.09	01:46:00.132	158.558				2
2026.04.09	01:46:01.328	158.560	158.561			6
2026.04.09	01:46:02.834	158.564	158.565			6
2026.04.09	01:46:05.239	158.563	158.564			6
2026.04.09	01:46:05.545	158.564	158.565			6
2026.04.09	01:46:07.646	158.567	158.568			6
2026.04.09	01:46:07.950	158.569	158.570			6
2026.04.09	01:46:08.250	158.570	158.571			6
2026.04.09	01:46:08.850	158.569	158.570			6
2026.04.09	01:46:13.359	158.570	158.571			6
2026.04.09	01:46:13.655	158.569	158.570			6
2026.04.09	01:46:13.958	158.570	158.571			6
2026.04.09	01:46:14.259	158.569	158.570			6
2026.04.09	01:46:16.659	158.570	158.571			6
2026.04.09	01:46:17.262	158.568	158.569			6
2026.04.09	01:46:17.561	158.569	158.570			6
2026.04.09	01:46:17.864	158.568	158.569			6
2026.04.09	01:46:18.161	158.569	158.570			6
2026.04.09	01:46:18.461	158.568	158.569			6
2026.04.09	01:46:24.768	158.569	158.570			6
2026.04.09	01:46:25.068	158.568	158.569			6
2026.04.09	01:46:25.373	158.569	158.570			6
2026.04.09	01:46:25.669	158.568	158.569			6
2026.04.09	01:46:27.779	158.569	158.570			6
2026.04.09	01:46:33.484	158.568	158.569			6
2026.04.09	01:46:34.387	158.569	158.570			6
2026.04.09	01:46:34.688	158.568	158.569			6
2026.04.09	01:46:35.290	158.569	158.570			6
2026.04.09	01:46:35.896	158.568	158.569			6
2026.04.09	01:46:36.195	158.569	158.570			6
2026.04.09	01:46:37.699	158.570	158.571			6
2026.04.09	01:46:38.001	158.569	158.570			6
2026.04.09	01:46:38.299	158.570	158.571			6
2026.04.09	01:46:38.599	158.569	158.570			6
2026.04.09	01:46:38.903	158.570	158.571			6
2026.04.09	01:46:39.201	158.569	158.570			6
2026.04.09	01:46:39.802	158.570	158.571			6
2026.04.09	01:46:40.100	158.569	158.570			6
2026.04.09	01:46:40.401	158.570	158.571			6
2026.04.09	01:47:00.247	158.570				2
2026.04.09	01:47:05.653	158.571	158.572			6
2026.04.09	01:47:05.952	158.570	158.571			6
2026.04.09	01:47:06.856	158.571	158.572			6
2026.04.09	01:47:07.153	158.570	158.571			6
2026.04.09	01:47:07.758	158.571	158.572			6
2026.04.09	01:47:08.357	158.570	158.571			6
2026.04.09	01:47:08.657	158.571	158.572			6
2026.04.09	01:47:09.255	158.570	158.571			6
2026.04.09	01:47:09.557	158.571	158.572			6
2026.04.09	01:47:09.860	158.570	158.571			6
2026.04.09	01:47:10.158	158.571	158.572			6
2026.04.09	01:47:10.454	158.570	158.571			6
2026.04.09	01:47:11.656	158.571	158.572			6
2026.04.09	01:47:12.256	158.570	158.571			6
2026.04.09	01:47:12.557	158.571	158.572			6
2026.04.09	01:47:13.158	158.570	158.571			6
2026.04.09	01:47:19.165	158.571	158.572			6
2026.04.09	01:47:19.762	158.570	158.571			6
2026.04.09	01:47:21.263	158.571	158.572			6
2026.04.09	01:47:21.864	158.570	158.571			6
2026.04.09	01:47:22.464	158.571	158.572			6
2026.04.09	01:47:23.067	158.570	158.571			6
2026.04.09	01:47:24.268	158.571	158.572			6
2026.04.09	01:47:24.568	158.570	158.571			6
2026.04.09	01:47:26.068	158.571	158.572			6
2026.04.09	01:47:26.368	158.570	158.571			6
2026.04.09	01:47:31.180	158.569	158.570			6
2026.04.09	01:47:31.781	158.570	158.571			6
2026.04.09	01:47:37.787	158.571	158.572			6
2026.04.09	01:47:38.387	158.570	158.571			6
2026.04.09	01:47:39.590	158.571	158.572			6
2026.04.09	01:47:39.895	158.570	158.571			6
2026.04.09	01:47:41.696	158.571	158.572			6
2026.04.09	01:47:42.300	158.570	158.571			6
2026.04.09	01:47:42.596	158.571	158.572			6
2026.04.09	01:47:42.897	158.570	158.571			6
2026.04.09	01:47:45.004	158.571	158.572			6
2026.04.09	01:47:45.301	158.570	158.571			6
2026.04.09	01:47:46.506	158.571	158.572			6
2026.04.09	01:47:47.107	158.570	158.571			6
2026.04.09	01:47:54.627	158.571	158.572			6
2026.04.09	01:47:56.132	158.581	158.582			6
2026.04.09	01:47:56.434	158.583	158.584			6
2026.04.09	01:47:56.729	158.581	158.582			6
2026.04.09	01:47:57.634	158.582	158.583			6
2026.04.09	01:47:58.234	158.581	158.582			6
2026.04.09	01:48:00.035	158.581				2
2026.04.09	01:48:01.843	158.583	158.584			6
2026.04.09	01:48:05.154	158.584	158.585			6
2026.04.09	01:48:06.057	158.585	158.586			6
2026.04.09	01:48:07.258	158.584	158.585			6
2026.04.09	01:48:18.371	158.583	158.584			6
2026.04.09	01:48:41.854	158.582	158.583			6
2026.04.09	01:49:00.210	158.582				2
2026.04.09	01:49:02.015	158.580	158.581			6
2026.04.09	01:49:02.618	158.581	158.582			6
2026.04.09	01:49:14.953	158.583	158.584			6
2026.04.09	01:49:30.291	158.582	158.583			6
2026.04.09	01:49:44.726	158.581	158.582			6
2026.04.09	01:49:47.737	158.582	158.583			6
2026.04.09	01:50:00.061	158.582				2
2026.04.09	01:50:01.261	158.581	158.582			6
2026.04.09	01:50:03.665	158.582	158.583			6
2026.04.09	01:50:03.963	158.581	158.582			6
2026.04.09	01:50:05.468	158.582	158.583			6
2026.04.09	01:50:05.767	158.581	158.582			6
2026.04.09	01:50:46.966	158.582	158.583			6
2026.04.09	01:50:47.268	158.581	158.582			6
2026.04.09	01:50:48.465	158.582	158.583			6
2026.04.09	01:50:48.768	158.581	158.582			6
2026.04.09	01:50:49.671	158.582	158.583			6
2026.04.09	01:50:51.173	158.581	158.582			6
2026.04.09	01:50:51.477	158.582	158.583			6
2026.04.09	01:50:51.774	158.581	158.582			6
2026.04.09	01:50:52.677	158.582	158.583			6
2026.04.09	01:50:54.482	158.581	158.582			6
2026.04.09	01:50:55.080	158.582	158.583			6
2026.04.09	01:50:55.380	158.581	158.582			6
2026.04.09	01:50:55.684	158.582	158.583			6
2026.04.09	01:50:57.488	158.581	158.582			6
2026.04.09	01:50:57.788	158.582	158.583			6
2026.04.09	01:50:58.092	158.581	158.582			6
2026.04.09	01:50:58.392	158.582	158.583			6
2026.04.09	01:50:58.691	158.581	158.582			6
2026.04.09	01:50:58.992	158.582	158.583			6
2026.04.09	01:50:59.591	158.580	158.581			6
2026.04.09	01:51:00.197	158.580				2
2026.04.09	01:51:00.496	158.569	158.570			6
2026.04.09	01:51:01.397	158.570	158.571			6
2026.04.09	01:51:05.921	158.569	158.570			6
2026.04.09	01:51:10.735	158.570	158.571			6
2026.04.09	01:51:11.332	158.569	158.570			6
2026.04.09	01:51:12.534	158.568	158.569			6
2026.04.09	01:51:13.434	158.567	158.568			6
2026.04.09	01:51:15.844	158.568	158.569			6
2026.04.09	01:51:21.549	158.569	158.570			6
2026.04.09	01:51:22.753	158.568	158.569			6
2026.04.09	01:51:23.053	158.569	158.570			6
2026.04.09	01:51:23.651	158.568	158.569			6
2026.04.09	01:51:24.555	158.569	158.570			6
2026.04.09	01:51:24.856	158.568	158.569			6
2026.04.09	01:51:25.454	158.569	158.570			6
2026.04.09	01:51:25.754	158.568	158.569			6
2026.04.09	01:51:38.370	158.569	158.570			6
2026.04.09	01:51:38.670	158.568	158.569			6
2026.04.09	01:51:40.177	158.569	158.570			6
2026.04.09	01:51:41.976	158.568	158.569			6
2026.04.09	01:51:42.278	158.569	158.570			6
2026.04.09	01:51:42.879	158.568	158.569			6
2026.04.09	01:51:49.485	158.569	158.570			6
2026.04.09	01:51:49.791	158.568	158.569			6
2026.04.09	01:52:00.011	158.568				2
2026.04.09	01:52:15.638	158.569	158.570			6
2026.04.09	01:52:15.935	158.568	158.569			6
2026.04.09	01:52:17.734	158.569	158.570			6
2026.04.09	01:52:18.034	158.568	158.569			6
2026.04.09	01:52:23.141	158.569	158.570			6
2026.04.09	01:52:23.740	158.568	158.569			6
2026.04.09	01:52:33.958	158.569	158.570			6
2026.04.09	01:52:34.257	158.568	158.569			6
2026.04.09	01:52:37.563	158.569	158.570			6
2026.04.09	01:52:37.859	158.568	158.569			6
2026.04.09	01:52:39.668	158.569	158.570			6
2026.04.09	01:52:39.965	158.568	158.569			6
2026.04.09	01:52:42.370	158.569	158.570			6
2026.04.09	01:52:43.270	158.568	158.569			6
2026.04.09	01:52:43.575	158.569	158.570			6
2026.04.09	01:52:44.178	158.568	158.569			6
2026.04.09	01:52:44.482	158.569	158.570			6
2026.04.09	01:52:45.078	158.568	158.569			6
2026.04.09	01:52:45.379	158.569	158.570			6
2026.04.09	01:52:46.881	158.568	158.569			6
2026.04.09	01:52:47.483	158.569	158.570			6
2026.04.09	01:52:47.782	158.568	158.569			6
2026.04.09	01:52:49.286	158.569	158.570			6
2026.04.09	01:52:49.588	158.568	158.569			6
2026.04.09	01:52:50.192	158.569	158.570			6
2026.04.09	01:52:50.792	158.568	158.569			6
2026.04.09	01:52:51.092	158.569	158.570			6
2026.04.09	01:52:51.691	158.568	158.569			6
2026.04.09	01:52:51.994	158.569	158.570			6
2026.04.09	01:52:52.592	158.568	158.569			6
2026.04.09	01:52:53.190	158.569	158.570			6
2026.04.09	01:52:53.793	158.568	158.569			6
2026.04.09	01:52:54.096	158.569	158.570			6
2026.04.09	01:52:54.693	158.568	158.569			6
2026.04.09	01:52:55.298	158.569	158.570			6
2026.04.09	01:52:55.899	158.568	158.569			6
2026.04.09	01:52:56.199	158.569	158.570			6
2026.04.09	01:52:56.797	158.568	158.569			6
2026.04.09	01:52:57.101	158.569	158.570			6
2026.04.09	01:52:58.297	158.568	158.569			6
2026.04.09	01:52:58.598	158.569	158.570			6
2026.04.09	01:52:58.897	158.568	158.569			6
2026.04.09	01:52:59.500	158.569	158.570			6
2026.04.09	01:53:00.101	158.569				2
2026.04.09	01:53:01.302	158.568	158.569			6
2026.04.09	01:53:01.905	158.569	158.570			6
2026.04.09	01:53:02.502	158.568	158.569			6
2026.04.09	01:53:04.910	158.569	158.570			6
2026.04.09	01:53:06.714	158.568	158.569			6
2026.04.09	01:53:07.013	158.569	158.570			6
2026.04.09	01:53:07.315	158.568	158.569			6
2026.04.09	01:53:09.718	158.569	158.570			6
2026.04.09	01:53:10.325	158.568	158.569			6
2026.04.09	01:53:10.925	158.569	158.570			6
2026.04.09	01:53:12.131	158.568	158.569			6
2026.04.09	01:53:19.353	158.569	158.570			6
2026.04.09	01:53:20.858	158.568	158.569			6
2026.04.09	01:53:21.162	158.569	158.570			6
2026.04.09	01:53:21.760	158.568	158.569			6
2026.04.09	01:53:22.060	158.569	158.570			6
2026.04.09	01:53:26.877	158.568	158.569			6
2026.04.09	01:53:27.176	158.569	158.570			6
2026.04.09	01:53:28.077	158.568	158.569			6
2026.04.09	01:53:28.379	158.569	158.570			6
2026.04.09	01:53:29.883	158.568	158.569			6
2026.04.09	01:53:30.181	158.569	158.570			6
2026.04.09	01:53:31.988	158.568	158.569			6
2026.04.09	01:53:32.293	158.569	158.570			6
2026.04.09	01:53:34.699	158.568	158.569			6
2026.04.09	01:53:34.997	158.569	158.570			6
2026.04.09	01:53:38.006	158.568	158.569			6
2026.04.09	01:53:38.302	158.569	158.570			6
2026.04.09	01:53:40.107	158.568	158.569			6
2026.04.09	01:53:40.409	158.569	158.570			6
2026.04.09	01:53:40.710	158.568	158.569			6
2026.04.09	01:53:41.311	158.569	158.570			6
2026.04.09	01:53:42.809	158.568	158.569			6
2026.04.09	01:53:43.113	158.569	158.570			6
2026.04.09	01:53:43.408	158.568	158.569			6
2026.04.09	01:53:43.710	158.569	158.570			6
2026.04.09	01:53:44.610	158.568	158.569			6
2026.04.09	01:53:44.910	158.569	158.570			6
2026.04.09	01:53:46.710	158.568	158.569			6
2026.04.09	01:53:47.014	158.569	158.570			6
2026.04.09	01:54:00.235	158.569				2
2026.04.09	01:54:08.043	158.570	158.571			6
2026.04.09	01:54:08.643	158.569	158.570			6
2026.04.09	01:54:09.244	158.570	158.571			6
2026.04.09	01:54:09.844	158.569	158.570			6
2026.04.09	01:54:10.147	158.570	158.571			6
2026.04.09	01:54:10.747	158.569	158.570			6
2026.04.09	01:54:11.049	158.570	158.571			6
2026.04.09	01:54:11.347	158.569	158.570			6
2026.04.09	01:54:22.763	158.570	158.571			6
2026.04.09	01:54:24.566	158.569	158.570			6
2026.04.09	01:54:26.976	158.570	158.571			6
2026.04.09	01:54:32.697	158.569	158.570			6
2026.04.09	01:54:33.301	158.570	158.571			6
2026.04.09	01:54:33.598	158.569	158.570			6
2026.04.09	01:54:33.898	158.570	158.571			6
2026.04.09	01:54:34.501	158.569	158.570			6
2026.04.09	01:54:35.107	158.570	158.571			6
2026.04.09	01:54:35.412	158.569	158.570			6
2026.04.09	01:54:36.314	158.570	158.571			6
2026.04.09	01:54:36.617	158.569	158.570			6
2026.04.09	01:54:36.917	158.570	158.571			6
2026.04.09	01:54:37.519	158.569	158.570			6
2026.04.09	01:54:37.819	158.570	158.571			6
2026.04.09	01:54:38.424	158.569	158.570			6
2026.04.09	01:54:38.721	158.570	158.571			6
2026.04.09	01:54:39.020	158.569	158.570			6
2026.04.09	01:54:39.320	158.570	158.571			6
2026.04.09	01:54:40.529	158.569	158.570			6
2026.04.09	01:54:40.824	158.570	158.571			6
2026.04.09	01:54:42.026	158.569	158.570			6
2026.04.09	01:54:42.330	158.570	158.571			6
2026.04.09	01:54:42.626	158.569	158.570			6
2026.04.09	01:54:42.926	158.570	158.571			6
2026.04.09	01:54:43.527	158.569	158.570			6
2026.04.09	01:54:44.129	158.570	158.571			6
2026.04.09	01:54:46.228	158.569	158.570			6
2026.04.09	01:54:46.533	158.570	158.571			6
2026.04.09	01:54:47.130	158.569	158.570			6
2026.04.09	01:54:47.733	158.570	158.571			6
2026.04.09	01:54:49.838	158.571	158.572			6
2026.04.09	01:54:50.139	158.570	158.571			6
2026.04.09	01:54:50.440	158.569	158.570			6
2026.04.09	01:54:57.055	158.570	158.571			6
2026.04.09	01:55:00.059	158.570				2
2026.04.09	01:55:02.155	158.569	158.570			6
2026.04.09	01:55:04.261	158.570	158.571			6
2026.04.09	01:55:04.561	158.569	158.570			6
2026.04.09	01:55:05.760	158.570	158.571			6
2026.04.09	01:55:06.056	158.569	158.570			6
2026.04.09	01:55:06.357	158.568	158.569			6
2026.04.09	01:55:07.262	158.559	158.560			6
2026.04.09	01:55:07.557	158.557	158.558			6
2026.04.09	01:55:18.372	158.558	158.559			6
2026.04.09	01:55:23.181	158.559	158.560			6
2026.04.09	01:55:23.783	158.560	158.561			6
2026.04.09	01:55:26.191	158.559	158.560			6
2026.04.09	01:55:26.491	158.560	158.561			6
2026.04.09	01:55:27.092	158.559	158.560			6
2026.04.09	01:55:27.695	158.560	158.561			6
2026.04.09	01:55:27.996	158.559	158.560			6
2026.04.09	01:55:28.597	158.560	158.561			6
2026.04.09	01:55:39.123	158.565	158.566			6
2026.04.09	01:55:39.423	158.567	158.568			6
2026.04.09	01:55:41.227	158.568	158.569			6
2026.04.09	01:56:00.174	158.568				2
2026.04.09	01:56:10.096	158.569	158.570			6
2026.04.09	01:56:10.397	158.568	158.569			6
2026.04.09	01:56:20.021	158.569	158.570			6
2026.04.09	01:56:20.322	158.568	158.569			6
2026.04.09	01:56:24.230	158.569	158.570			6
2026.04.09	01:56:24.527	158.568	158.569			6
2026.04.09	01:56:27.528	158.569	158.570			6
2026.04.09	01:56:28.433	158.568	158.569			6
2026.04.09	01:56:29.940	158.569	158.570			6
2026.04.09	01:56:30.542	158.568	158.569			6
2026.04.09	01:56:31.140	158.569	158.570			6
2026.04.09	01:56:31.439	158.568	158.569			6
2026.04.09	01:56:32.340	158.569	158.570			6
2026.04.09	01:56:32.640	158.568	158.569			6
2026.04.09	01:56:37.444	158.569	158.570			6
2026.04.09	01:56:41.650	158.568	158.569			6
2026.04.09	01:56:41.955	158.569	158.570			6
2026.04.09	01:56:42.858	158.568	158.569			6
2026.04.09	01:56:43.159	158.569	158.570			6
2026.04.09	01:56:44.959	158.560	158.561			6
2026.04.09	01:56:45.258	158.561	158.562			6
2026.04.09	01:56:58.774	158.565	158.566			6
2026.04.09	01:57:00.279	158.565				2
2026.04.09	01:57:05.996	158.569	158.570			6
2026.04.09	01:57:06.296	158.568	158.569			6
2026.04.09	01:57:06.594	158.569	158.570			6
2026.04.09	01:57:06.895	158.568	158.569			6
2026.04.09	01:57:08.400	158.569	158.570			6
2026.04.09	01:57:09.000	158.568	158.569			6
2026.04.09	01:57:09.604	158.569	158.570			6
2026.04.09	01:57:10.204	158.568	158.569			6
2026.04.09	01:57:10.803	158.569	158.570			6
2026.04.09	01:57:11.106	158.568	158.569			6
2026.04.09	01:57:11.404	158.569	158.570			6
2026.04.09	01:57:11.704	158.568	158.569			6
2026.04.09	01:57:15.019	158.569	158.570			6
2026.04.09	01:57:15.322	158.568	158.569			6
2026.04.09	01:57:16.221	158.569	158.570			6
2026.04.09	01:57:16.526	158.568	158.569			6
2026.04.09	01:57:16.825	158.569	158.570			6
2026.04.09	01:57:17.427	158.568	158.569			6
2026.04.09	01:57:20.430	158.569	158.570			6
2026.04.09	01:57:20.732	158.568	158.569			6
2026.04.09	01:57:23.742	158.569	158.570			6
2026.04.09	01:57:24.039	158.568	158.569			6
2026.04.09	01:57:24.341	158.569	158.570			6
2026.04.09	01:57:24.643	158.568	158.569			6
2026.04.09	01:57:24.938	158.569	158.570			6
2026.04.09	01:57:30.651	158.570	158.571			6
2026.04.09	01:57:30.950	158.569	158.570			6
2026.04.09	01:57:33.353	158.570	158.571			6
2026.04.09	01:57:34.253	158.569	158.570			6
2026.04.09	01:57:34.556	158.570	158.571			6
2026.04.09	01:57:35.159	158.569	158.570			6
2026.04.09	01:57:36.959	158.570	158.571			6
2026.04.09	01:58:00.112	158.570				2
2026.04.09	01:58:03.118	158.571	158.572			6
2026.04.09	01:58:03.419	158.572	158.573			6
2026.04.09	01:58:04.015	158.571	158.572			6
2026.04.09	01:58:08.825	158.572	158.573			6
2026.04.09	01:58:09.126	158.571	158.572			6
2026.04.09	01:58:44.283	158.570	158.571			6
2026.04.09	01:59:00.220	158.570				2
2026.04.09	01:59:00.815	158.571	158.572			6
2026.04.09	01:59:26.357	158.570	158.571			6
2026.04.09	01:59:31.161	158.569	158.570			6
2026.04.09	02:00:00.002	158.569				2
2026.04.09	02:00:02.708	158.570	158.571			6
2026.04.09	02:00:03.905	158.571	158.572			6
2026.04.09	02:00:06.018	158.573	158.574			6
2026.04.09	02:00:06.318	158.579	158.580			6
2026.04.09	02:00:07.217	158.578	158.579			6
2026.04.09	02:00:08.115	158.572	158.573			6
2026.04.09	02:00:08.419	158.571	158.572			6
2026.04.09	02:00:08.715	158.572	158.573			6
2026.04.09	02:00:09.315	158.571	158.572			6
2026.04.09	02:00:10.218	158.572	158.573			6
2026.04.09	02:00:12.022	158.573	158.574			6
2026.04.09	02:00:14.422	158.572	158.573			6
2026.04.09	02:00:14.725	158.573	158.574			6
2026.04.09	02:00:15.022	158.572	158.573			6
2026.04.09	02:00:15.623	158.564	158.565			6
2026.04.09	02:00:23.133	158.563	158.564			6
2026.04.09	02:00:24.034	158.564	158.565			6
2026.04.09	02:00:24.337	158.565	158.566			6
2026.04.09	02:00:24.633	158.568	158.569			6
2026.04.09	02:00:24.936	158.569	158.570			6
2026.04.09	02:00:25.835	158.568	158.569			6
2026.04.09	02:00:26.139	158.569	158.570			6
2026.04.09	02:00:27.038	158.568	158.569			6
2026.04.09	02:00:27.941	158.569	158.570			6
2026.04.09	02:00:28.542	158.568	158.569			6
2026.04.09	02:00:28.841	158.569	158.570			6
2026.04.09	02:00:30.943	158.568	158.569			6
2026.04.09	02:00:31.244	158.569	158.570			6
2026.04.09	02:00:33.646	158.568	158.569			6
2026.04.09	02:00:35.748	158.569	158.570			6
2026.04.09	02:00:40.260	158.568	158.569			6
2026.04.09	02:00:40.553	158.569	158.570			6
2026.04.09	02:00:56.485	158.568	158.569			6
