<DATE>	<TIME>	<BID>	<ASK>	<LAST>	<VOLUME>	<FLAGS>
2026.05.20	00:03:30.573	159.026	159.078			6
2026.05.20	00:03:40.813		159.090			4
2026.05.20	00:03:51.074		159.078			4
2026.05.20	00:04:03.050	159.026				2
2026.05.20	00:04:21.459	159.025	159.090			6
2026.05.20	00:04:31.685		159.078			4
2026.05.20	00:05:00.234	159.025				2
2026.05.20	00:05:02.184		159.090			4
2026.05.20	00:05:28.699		159.078			4
2026.05.20	00:05:55.746	159.026	159.081			6
2026.05.20	00:05:58.866		159.090			4
2026.05.20	00:06:00.075	159.026				2
2026.05.20	00:06:09.402		159.081			4
2026.05.20	00:06:39.668		159.090			4
2026.05.20	00:06:45.990		159.081			4
2026.05.20	00:07:10.279	159.026				2
2026.05.20	00:07:16.301		159.090			4
2026.05.20	00:07:59.069		159.081			4
2026.05.20	00:08:01.155	159.026				2
2026.05.20	00:08:30.294		159.090			4
2026.05.20	00:08:38.425	159.008	159.081			6
2026.05.20	00:08:58.288		159.075			4
2026.05.20	00:08:58.591		159.081			4
2026.05.20	00:08:59.193		159.075			4
2026.05.20	00:08:59.496		159.081			4
2026.05.20	00:08:59.797		159.075			4
2026.05.20	00:09:00.097	159.008				2
2026.05.20	00:09:09.136		159.071			4
2026.05.20	00:09:12.146		159.066			4
2026.05.20	00:09:35.928	159.002	159.057			6
2026.05.20	00:09:59.237	159.006	159.066			6
2026.05.20	00:10:00.137	159.006	159.070			6
2026.05.20	00:10:03.445	159.003				2
2026.05.20	00:10:16.696		159.082			4
2026.05.20	00:10:31.149		159.081			4
2026.05.20	00:10:32.651		159.084			4
2026.05.20	00:11:00.043	159.003				2
2026.05.20	00:11:03.652	159.004				2
2026.05.20	00:11:32.844		159.084			4
2026.05.20	00:12:00.227	159.004				2
2026.05.20	00:12:03.542	159.006	159.083			6
2026.05.20	00:13:00.146	159.006				2
2026.05.20	00:13:03.752		159.083			4
2026.05.20	00:14:00.044	159.006				2
2026.05.20	00:14:03.956		159.083			4
2026.05.20	00:14:48.512	159.010				2
2026.05.20	00:14:49.414	159.013				2
2026.05.20	00:15:00.250	159.013				2
2026.05.20	00:15:04.172		159.083			4
2026.05.20	00:16:00.159	159.013				2
2026.05.20	00:16:04.379		159.083			4
2026.05.20	00:16:49.535	159.014				2
2026.05.20	00:16:57.962	159.015				2
2026.05.20	00:16:59.172	159.023				2
2026.05.20	00:17:00.077	159.023				2
2026.05.20	00:17:04.585		159.083			4
2026.05.20	00:17:52.162	159.019				2
2026.05.20	00:18:00.290	159.019				2
2026.05.20	00:18:04.808		159.083			4
2026.05.20	00:18:45.112	159.015				2
2026.05.20	00:19:00.173	159.015				2
2026.05.20	00:19:04.983		159.083			4
2026.05.20	00:19:45.045	159.017				2
2026.05.20	00:20:00.086	159.017				2
2026.05.20	00:20:00.387		159.091			4
2026.05.20	00:20:03.127	159.033	159.092			6
2026.05.20	00:20:12.678	159.034	159.100			6
2026.05.20	00:20:13.575	159.040				2
2026.05.20	00:20:23.203	159.050				2
2026.05.20	00:20:33.969	159.056	159.117			6
2026.05.20	00:20:34.873	159.059				2
2026.05.20	00:20:57.455		159.112			4
2026.05.20	00:21:00.114	159.059				2
2026.05.20	00:21:01.352	159.061	159.116			6
2026.05.20	00:21:12.011	159.062				2
2026.05.20	00:21:16.532	159.057	159.105			6
2026.05.20	00:21:22.348		159.103			4
2026.05.20	00:21:25.807		159.111			4
2026.05.20	00:22:00.276	159.057				2
2026.05.20	00:22:00.577	159.050				2
2026.05.20	00:22:01.325	159.059				2
2026.05.20	00:22:05.325		159.097			4
2026.05.20	00:22:16.840		159.092			4
2026.05.20	00:22:23.982		159.111			4
2026.05.20	00:22:26.965	159.057				2
2026.05.20	00:23:00.976	159.057				2
2026.05.20	00:23:18.684		159.106			4
2026.05.20	00:23:26.966	159.059				2
2026.05.20	00:23:54.985	159.057				2
2026.05.20	00:24:01.156	159.057				2
2026.05.20	00:24:19.858	159.051	159.106			6
2026.05.20	00:24:20.908	159.057				2
2026.05.20	00:24:26.243	159.051				2
2026.05.20	00:24:27.296	159.057				2
2026.05.20	00:24:35.408	159.051				2
2026.05.20	00:24:43.288	159.057				2
2026.05.20	00:24:48.514		159.102			4
2026.05.20	00:25:03.345	159.057				2
2026.05.20	00:25:09.978	159.050				2
2026.05.20	00:25:10.987	159.057				2
2026.05.20	00:25:13.798	159.050				2
2026.05.20	00:25:23.691	159.048				2
2026.05.20	00:25:52.576		159.102			4
2026.05.20	00:25:53.240	159.057				2
2026.05.20	00:26:02.776	159.057				2
2026.05.20	00:26:03.687		159.101			4
2026.05.20	00:26:23.660	159.048				2
2026.05.20	00:27:01.580	159.048				2
2026.05.20	00:27:08.215	159.049	159.101			6
2026.05.20	00:27:19.584	159.057				2
2026.05.20	00:27:50.769	159.049				2
2026.05.20	00:28:00.369	159.049				2
2026.05.20	00:28:08.753		159.101			4
2026.05.20	00:28:21.721	159.057				2
2026.05.20	00:28:52.380	159.049				2
2026.05.20	00:29:02.176	159.049				2
2026.05.20	00:29:07.091	159.057				2
2026.05.20	00:29:08.895		159.101			4
2026.05.20	00:29:38.330	159.051				2
2026.05.20	00:29:41.156	159.052				2
2026.05.20	00:30:00.105	159.052				2
2026.05.20	00:30:05.920	159.049				2
2026.05.20	00:30:09.245	159.057	159.101			6
2026.05.20	00:30:40.514	159.048				2
2026.05.20	00:31:00.400	159.048				2
2026.05.20	00:31:09.376		159.101			4
2026.05.20	00:31:23.703	159.046				2
2026.05.20	00:31:37.551	159.057				2
2026.05.20	00:32:00.386	159.046				2
2026.05.20	00:32:01.438	159.057				2
2026.05.20	00:32:08.509	159.051				2
2026.05.20	00:32:12.215		159.101			4
2026.05.20	00:32:22.155	159.056				2
2026.05.20	00:32:34.515		159.100			4
2026.05.20	00:32:53.257	159.048				2
2026.05.20	00:32:57.553		159.099			4
2026.05.20	00:32:57.852		159.100			4
2026.05.20	00:33:01.200	159.048				2
2026.05.20	00:33:05.320		159.099			4
2026.05.20	00:33:05.620		159.100			4
2026.05.20	00:33:22.276		159.099			4
2026.05.20	00:33:28.465	159.056				2
2026.05.20	00:33:58.999	159.046				2
2026.05.20	00:34:01.256	159.046				2
2026.05.20	00:34:09.081	159.056				2
2026.05.20	00:34:23.707		159.099			4
2026.05.20	00:34:26.030	159.062	159.102			6
2026.05.20	00:34:58.518	159.061				2
2026.05.20	00:35:03.361	159.061				2
2026.05.20	00:35:21.458	159.060				2
2026.05.20	00:35:26.476		159.102			4
2026.05.20	00:35:42.078	159.061				2
2026.05.20	00:35:55.619	159.062				2
2026.05.20	00:36:00.377	159.062				2
2026.05.20	00:36:23.397	159.063	159.101			6
2026.05.20	00:36:27.144	159.061	159.098			6
2026.05.20	00:36:41.457	159.062	159.097			6
2026.05.20	00:37:00.748	159.062				2
2026.05.20	00:37:25.776	159.061	159.095			6
2026.05.20	00:38:00.977	159.061				2
2026.05.20	00:38:28.087		159.095			4
2026.05.20	00:39:00.376	159.061				2
2026.05.20	00:39:01.155		159.094			4
2026.05.20	00:40:03.377	159.061	159.094			6
2026.05.20	00:41:00.395	159.061				2
2026.05.20	00:41:05.319		159.094			4
2026.05.20	00:42:11.394	159.061	159.094			6
2026.05.20	00:43:01.153	159.061				2
2026.05.20	00:43:11.777		159.094			4
2026.05.20	00:44:02.012	159.061				2
2026.05.20	00:44:11.885		159.094			4
2026.05.20	00:45:00.222	159.061				2
2026.05.20	00:45:00.526	159.062	159.095			6
2026.05.20	00:45:02.683	159.041	159.107			6
2026.05.20	00:45:05.685	159.061	159.094			6
2026.05.20	00:45:05.990	159.062	159.095			6
2026.05.20	00:46:00.268	159.062				2
2026.05.20	00:46:00.568	159.061	159.094			6
2026.05.20	00:46:00.869	159.060	159.095			6
2026.05.20	00:46:12.621	159.061	159.094			6
2026.05.20	00:47:00.668	159.061				2
2026.05.20	00:47:02.709	159.057	159.098			6
2026.05.20	00:47:03.009	159.041	159.107			6
2026.05.20	00:47:05.420	159.060	159.093			6
2026.05.20	00:47:06.044	159.061	159.094			6
2026.05.20	00:48:10.746	159.061	159.094			6
2026.05.20	00:48:23.719	159.057	159.079			6
2026.05.20	00:48:27.911	159.047				2
2026.05.20	00:48:33.422	159.042	159.073			6
2026.05.20	00:48:37.877		159.071			4
2026.05.20	00:48:48.343		159.073			4
2026.05.20	00:48:56.649	159.054				2
2026.05.20	00:48:57.538		159.072			4
2026.05.20	00:48:58.964	159.051	159.068			6
2026.05.20	00:49:01.275	159.051				2
2026.05.20	00:49:10.376	159.049	159.063			6
2026.05.20	00:49:13.872	159.051	159.068			6
2026.05.20	00:49:27.329	159.041				2
2026.05.20	00:49:35.741	159.044	159.072			6
2026.05.20	00:49:42.833	159.054	159.071			6
2026.05.20	00:49:55.709		159.072			4
2026.05.20	00:49:59.020	159.050				2
2026.05.20	00:49:59.769	159.054				2
2026.05.20	00:50:00.070	159.054				2
2026.05.20	00:50:13.305	159.044				2
2026.05.20	00:50:57.390		159.072			4
2026.05.20	00:51:00.076	159.044				2
2026.05.20	00:51:10.686	159.054				2
2026.05.20	00:51:10.987	159.044				2
2026.05.20	00:51:11.673	159.054				2
2026.05.20	00:51:41.457	159.044				2
2026.05.20	00:52:00.583	159.044	159.072			6
2026.05.20	00:52:05.755	159.054				2
2026.05.20	00:52:14.231	159.053				2
2026.05.20	00:52:27.321		159.073			4
2026.05.20	00:52:37.088	159.044				2
2026.05.20	00:52:39.556		159.070			4
2026.05.20	00:52:40.158		159.073			4
2026.05.20	00:52:40.760		159.070			4
2026.05.20	00:52:41.061		159.073			4
2026.05.20	00:52:41.360		159.070			4
2026.05.20	00:52:41.961		159.073			4
2026.05.20	00:53:03.441	159.044				2
2026.05.20	00:53:03.740		159.070			4
2026.05.20	00:53:04.041		159.073			4
2026.05.20	00:53:04.341		159.070			4
2026.05.20	00:53:04.643		159.073			4
2026.05.20	00:53:05.545		159.070			4
2026.05.20	00:53:05.846		159.073			4
2026.05.20	00:53:27.003		159.074			4
2026.05.20	00:53:28.300		159.073			4
2026.05.20	00:53:30.961	159.053				2
2026.05.20	00:54:00.841	159.053				2
2026.05.20	00:54:01.325	159.044				2
2026.05.20	00:54:10.032		159.074			4
2026.05.20	00:54:15.673	159.051	159.086			6
2026.05.20	00:54:16.835	159.056				2
2026.05.20	00:54:33.376		159.087			4
2026.05.20	00:54:48.104	159.051				2
2026.05.20	00:54:49.238		159.088			4
2026.05.20	00:54:50.689		159.087			4
2026.05.20	00:54:52.360	159.063	159.097			6
2026.05.20	00:55:02.427	159.063				2
2026.05.20	00:55:08.939	159.057	159.098			6
2026.05.20	00:55:09.239	159.063	159.097			6
2026.05.20	00:55:14.318		159.098			4
2026.05.20	00:56:00.013	159.063				2
2026.05.20	00:56:14.479		159.098			4
2026.05.20	00:56:32.253	159.062	159.097			6
2026.05.20	00:56:56.011	159.060	159.093			6
2026.05.20	00:57:00.220	159.060				2
2026.05.20	00:57:17.970	159.056	159.083			6
2026.05.20	00:57:57.702	159.059	159.093			6
2026.05.20	00:58:00.111	159.059				2
2026.05.20	00:58:57.887		159.093			4
2026.05.20	00:59:00.296	159.059				2
2026.05.20	00:59:58.052		159.093			4
2026.05.20	01:00:00.161	159.071	159.086			6
2026.05.20	01:00:00.462		159.074			4
2026.05.20	01:00:01.361		159.072			4
2026.05.20	01:00:02.864	159.067	159.071			6
2026.05.20	01:00:03.465		159.072			4
2026.05.20	01:00:04.364	159.061	159.066			6
2026.05.20	01:00:04.667	159.062	159.067			6
2026.05.20	01:00:04.966		159.066			4
2026.05.20	01:00:05.270	159.061	159.065			6
2026.05.20	01:00:06.170	159.067	159.068			6
2026.05.20	01:00:06.472	159.068	159.069			6
2026.05.20	01:00:09.770	159.067	159.068			6
2026.05.20	01:00:10.072	159.068	159.069			6
2026.05.20	01:00:14.577		159.070			4
2026.05.20	01:00:16.377	159.066	159.067			6
2026.05.20	01:00:16.676	159.065	159.066			6
2026.05.20	01:00:20.279	159.066	159.067			6
2026.05.20	01:00:20.584	159.060	159.064			6
2026.05.20	01:00:27.788	159.059	159.063			6
2026.05.20	01:00:40.100	159.061	159.062			6
2026.05.20	01:00:41.310	159.064	159.065			6
2026.05.20	01:00:45.507	159.067	159.068			6
2026.05.20	01:00:45.808	159.066	159.067			6
2026.05.20	01:00:47.609	159.067	159.068			6
2026.05.20	01:00:49.410	159.066	159.067			6
2026.05.20	01:00:50.311	159.065	159.066			6
2026.05.20	01:01:00.227	159.065				2
2026.05.20	01:01:03.229	159.066	159.067			6
2026.05.20	01:01:05.934	159.065	159.066			6
2026.05.20	01:01:17.351	159.066	159.067			6
2026.05.20	01:01:20.653	159.067	159.068			6
2026.05.20	01:01:48.296	159.066	159.067			6
2026.05.20	01:01:55.512	159.065	159.066			6
2026.05.20	01:02:00.017	159.065				2
2026.05.20	01:02:16.239	159.066	159.067			6
2026.05.20	01:02:20.147	159.068	159.069			6
2026.05.20	01:02:20.443	159.072	159.073			6
2026.05.20	01:02:21.346	159.077	159.078			6
2026.05.20	01:02:27.650	159.073	159.074			6
2026.05.20	01:02:27.955	159.070	159.071			6
2026.05.20	01:02:28.252	159.067				2
2026.05.20	01:02:30.055		159.072			4
2026.05.20	01:02:30.358	159.068	159.073			6
2026.05.20	01:02:30.965	159.071	159.076			6
2026.05.20	01:02:32.157	159.070				2
2026.05.20	01:02:33.362	159.071				2
2026.05.20	01:02:41.479	159.068	159.073			6
2026.05.20	01:02:42.074	159.069	159.074			6
2026.05.20	01:02:42.374	159.068	159.073			6
2026.05.20	01:02:42.674	159.067	159.072			6
2026.05.20	01:02:50.185	159.068	159.073			6
2026.05.20	01:02:52.285	159.069	159.074			6
2026.05.20	01:02:55.889	159.067	159.071			6
2026.05.20	01:02:56.198		159.072			4
2026.05.20	01:02:57.099	159.069	159.075			6
2026.05.20	01:03:00.108	159.069				2
2026.05.20	01:03:00.406	159.068	159.074			6
2026.05.20	01:03:00.708	159.070	159.076			6
2026.05.20	01:03:02.206	159.069	159.075			6
2026.05.20	01:03:11.225	159.070	159.076			6
2026.05.20	01:03:13.329	159.071				2
2026.05.20	01:03:14.533	159.070	159.075			6
2026.05.20	01:03:19.944	159.069	159.074			6
2026.05.20	01:03:20.245	159.070	159.075			6
2026.05.20	01:03:20.548	159.069	159.074			6
2026.05.20	01:03:26.253	159.071	159.076			6
2026.05.20	01:03:30.165	159.075				2
2026.05.20	01:03:30.457	159.077	159.079			6
2026.05.20	01:03:32.861	159.069	159.074			6
2026.05.20	01:03:33.163	159.067	159.072			6
2026.05.20	01:03:34.370		159.071			4
2026.05.20	01:03:43.092		159.070			4
2026.05.20	01:03:48.499		159.071			4
2026.05.20	01:03:53.312		159.070			4
2026.05.20	01:03:54.812	159.065				2
2026.05.20	01:03:55.414	159.067				2
2026.05.20	01:03:59.919	159.065				2
2026.05.20	01:04:00.221	159.064	159.069			6
2026.05.20	01:04:02.318	159.065	159.070			6
2026.05.20	01:04:03.519	159.064	159.069			6
2026.05.20	01:04:06.826	159.065	159.070			6
2026.05.20	01:04:18.250	159.066				2
2026.05.20	01:04:35.065	159.065	159.069			6
2026.05.20	01:04:37.171		159.068			4
2026.05.20	01:04:40.171	159.067				2
2026.05.20	01:04:54.890	159.066	159.067			6
2026.05.20	01:05:00.008	159.066				2
2026.05.20	01:05:03.004	159.067	159.069			6
2026.05.20	01:05:03.308		159.068			4
2026.05.20	01:05:06.913	159.069	159.072			6
2026.05.20	01:05:07.208	159.070	159.073			6
2026.05.20	01:05:07.512	159.071	159.074			6
2026.05.20	01:05:08.114	159.070				2
2026.05.20	01:05:08.412	159.069	159.072			6
2026.05.20	01:05:08.714	159.067	159.070			6
2026.05.20	01:05:10.218		159.071			4
2026.05.20	01:05:10.819	159.066				2
2026.05.20	01:05:18.636	159.067	159.072			6
2026.05.20	01:05:20.741	159.065	159.070			6
2026.05.20	01:05:21.948	159.067	159.072			6
2026.05.20	01:05:22.245	159.066	159.071			6
2026.05.20	01:05:24.355	159.064	159.069			6
2026.05.20	01:05:24.657	159.063	159.068			6
2026.05.20	01:05:24.951	159.065	159.070			6
2026.05.20	01:05:32.169	159.066				2
2026.05.20	01:05:41.482	159.063	159.067			6
2026.05.20	01:05:42.984	159.064	159.068			6
2026.05.20	01:05:43.284	159.063				2
2026.05.20	01:05:46.890	159.066				2
2026.05.20	01:05:51.400		159.067			4
2026.05.20	01:05:51.702		159.069			4
2026.05.20	01:05:53.505	159.067	159.071			6
2026.05.20	01:05:53.798	159.066	159.070			6
2026.05.20	01:05:58.316		159.067			4
2026.05.20	01:06:00.120	159.066				2
2026.05.20	01:06:01.019	159.062				2
2026.05.20	01:06:01.622	159.065				2
2026.05.20	01:06:03.423		159.066			4
2026.05.20	01:06:03.724		159.067			4
2026.05.20	01:06:04.024		159.066			4
2026.05.20	01:06:13.343	159.064				2
2026.05.20	01:06:13.942		159.067			4
2026.05.20	01:06:14.245	159.066	159.070			6
2026.05.20	01:06:14.543	159.064	159.068			6
2026.05.20	01:06:14.844	159.065	159.069			6
2026.05.20	01:06:15.145	159.066	159.070			6
2026.05.20	01:06:16.048	159.069	159.072			6
2026.05.20	01:06:16.349		159.073			4
2026.05.20	01:06:19.054	159.070	159.074			6
2026.05.20	01:06:31.985	159.069	159.073			6
2026.05.20	01:06:41.298	159.070				2
2026.05.20	01:06:48.513	159.069	159.072			6
2026.05.20	01:06:48.813	159.070	159.073			6
2026.05.20	01:06:53.320		159.072			4
2026.05.20	01:06:58.126		159.071			4
2026.05.20	01:07:00.233	159.070				2
2026.05.20	01:07:00.532	159.071	159.073			6
2026.05.20	01:07:01.133		159.074			4
2026.05.20	01:07:01.434	159.070	159.073			6
2026.05.20	01:07:02.336	159.071				2
2026.05.20	01:07:04.436	159.070	159.072			6
2026.05.20	01:07:11.655	159.071	159.073			6
2026.05.20	01:07:12.251	159.072	159.074			6
2026.05.20	01:07:14.358	159.071	159.073			6
2026.05.20	01:07:21.269	159.070	159.072			6
2026.05.20	01:07:21.570	159.069	159.071			6
2026.05.20	01:07:22.470	159.070	159.072			6
2026.05.20	01:07:26.377	159.071				2
2026.05.20	01:07:33.592	159.072	159.073			6
2026.05.20	01:07:34.796	159.071	159.072			6
2026.05.20	01:07:38.397	159.070	159.071			6
2026.05.20	01:07:39.297	159.071	159.072			6
2026.05.20	01:07:42.906	159.072	159.073			6
2026.05.20	01:07:48.326	159.071	159.072			6
2026.05.20	01:07:50.138	159.072	159.073			6
2026.05.20	01:07:52.842	159.071	159.072			6
2026.05.20	01:07:54.345	159.069	159.070			6
2026.05.20	01:07:55.250	159.068				2
2026.05.20	01:08:00.063	159.068				2
2026.05.20	01:08:00.360	159.069	159.071			6
2026.05.20	01:08:04.568	159.070	159.072			6
2026.05.20	01:08:05.166		159.071			4
2026.05.20	01:08:08.784	159.068	159.069			6
2026.05.20	01:08:21.993	159.067	159.068			6
2026.05.20	01:08:23.196	159.068	159.069			6
2026.05.20	01:08:26.798	159.067				2
2026.05.20	01:08:28.302	159.066	159.068			6
2026.05.20	01:08:28.913	159.065	159.067			6
2026.05.20	01:08:29.210		159.068			4
2026.05.20	01:08:32.210		159.067			4
2026.05.20	01:08:37.620	159.067	159.069			6
2026.05.20	01:08:37.923	159.068	159.070			6
2026.05.20	01:08:38.217		159.071			4
2026.05.20	01:08:40.032		159.069			4
2026.05.20	01:08:42.131		159.070			4
2026.05.20	01:08:43.330		159.071			4
2026.05.20	01:08:44.239		159.070			4
2026.05.20	01:08:44.546		159.069			4
2026.05.20	01:08:50.249		159.070			4
2026.05.20	01:08:51.146		159.069			4
2026.05.20	01:08:51.755		159.070			4
2026.05.20	01:08:52.054		159.069			4
2026.05.20	01:08:52.351		159.070			4
2026.05.20	01:09:00.181	159.068				2
2026.05.20	01:09:01.382		159.069			4
2026.05.20	01:09:03.182	159.066	159.068			6
2026.05.20	01:09:03.484	159.067	159.069			6
2026.05.20	01:09:08.889	159.066	159.068			6
2026.05.20	01:09:13.094	159.067				2
2026.05.20	01:09:25.711	159.065	159.066			6
2026.05.20	01:09:44.655	159.066	159.067			6
2026.05.20	01:09:44.951	159.065	159.066			6
2026.05.20	01:09:50.961	159.064	159.065			6
2026.05.20	01:09:51.260	159.065	159.066			6
2026.05.20	01:09:53.367	159.066	159.067			6
2026.05.20	01:10:00.293	159.067	159.068			6
2026.05.20	01:10:08.397	159.066	159.067			6
2026.05.20	01:10:10.505	159.068	159.069			6
2026.05.20	01:10:13.509	159.067	159.068			6
2026.05.20	01:10:42.368	159.071	159.072			6
2026.05.20	01:11:00.114	159.071				2
2026.05.20	01:11:18.452	159.064	159.065			6
2026.05.20	01:11:33.192	159.065	159.066			6
2026.05.20	01:11:33.488	159.064	159.065			6
2026.05.20	01:11:55.445	159.065	159.066			6
2026.05.20	01:11:57.853	159.064	159.065			6
2026.05.20	01:12:00.262	159.064				2
2026.05.20	01:12:05.682	159.063	159.064			6
2026.05.20	01:12:08.089	159.064	159.065			6
2026.05.20	01:12:08.390	159.063	159.064			6
2026.05.20	01:12:21.016	159.065	159.066			6
2026.05.20	01:12:21.316	159.063	159.064			6
2026.05.20	01:12:23.120	159.064	159.065			6
2026.05.20	01:12:30.342	159.065	159.066			6
2026.05.20	01:12:31.249	159.066	159.067			6
2026.05.20	01:12:39.980	159.065	159.066			6
2026.05.20	01:12:52.015	159.066	159.067			6
2026.05.20	01:12:52.616	159.067	159.068			6
2026.05.20	01:12:54.125	159.068	159.069			6
2026.05.20	01:13:00.146	159.068				2
2026.05.20	01:13:04.050	159.066	159.067			6
2026.05.20	01:13:04.350	159.065	159.066			6
2026.05.20	01:13:13.364	159.066	159.067			6
2026.05.20	01:13:13.668	159.065	159.066			6
2026.05.20	01:13:22.988	159.066	159.067			6
2026.05.20	01:13:28.112	159.064	159.065			6
2026.05.20	01:13:30.210	159.065	159.066			6
2026.05.20	01:13:35.026	159.067	159.068			6
2026.05.20	01:13:35.927	159.065	159.066			6
2026.05.20	01:13:48.571	159.067	159.068			6
2026.05.20	01:13:48.868	159.066	159.067			6
2026.05.20	01:13:53.379	159.068	159.069			6
2026.05.20	01:13:53.682	159.066	159.067			6
2026.05.20	01:13:54.581	159.067	159.068			6
2026.05.20	01:13:59.988	159.065	159.066			6
2026.05.20	01:14:00.292	159.065				2
2026.05.20	01:14:03.597	159.066	159.067			6
2026.05.20	01:14:04.198	159.067	159.068			6
2026.05.20	01:14:08.407	159.068	159.069			6
2026.05.20	01:14:13.827	159.067	159.068			6
2026.05.20	01:14:45.090	159.068	159.069			6
2026.05.20	01:14:45.391	159.067	159.068			6
2026.05.20	01:14:53.209	159.066	159.067			6
2026.05.20	01:14:55.317	159.067	159.068			6
2026.05.20	01:14:55.620	159.069	159.070			6
2026.05.20	01:14:55.918	159.067	159.068			6
2026.05.20	01:14:56.216	159.066	159.067			6
2026.05.20	01:15:00.130	159.066				2
2026.05.20	01:15:06.139	159.065	159.066			6
2026.05.20	01:15:11.244	159.067	159.068			6
2026.05.20	01:15:11.543	159.071	159.072			6
2026.05.20	01:15:11.845	159.072	159.073			6
2026.05.20	01:15:14.246	159.071	159.072			6
2026.05.20	01:15:20.856	159.070	159.071			6
2026.05.20	01:15:22.360	159.071	159.072			6
2026.05.20	01:15:34.084	159.070	159.071			6
2026.05.20	01:15:38.888	159.072	159.073			6
2026.05.20	01:15:48.498	159.071	159.072			6
2026.05.20	01:15:48.798	159.074	159.075			6
2026.05.20	01:15:50.301	159.073	159.074			6
2026.05.20	01:15:59.019	159.072	159.073			6
2026.05.20	01:16:00.230	159.072				2
2026.05.20	01:16:10.743	159.074	159.075			6
2026.05.20	01:16:23.383	159.073	159.074			6
2026.05.20	01:16:25.487	159.074	159.075			6
2026.05.20	01:16:31.797	159.075	159.076			6
2026.05.20	01:16:43.228	159.078	159.079			6
2026.05.20	01:16:43.530	159.080	159.081			6
2026.05.20	01:16:43.831	159.079	159.080			6
2026.05.20	01:16:44.729	159.077	159.078			6
2026.05.20	01:16:45.031	159.076	159.077			6
2026.05.20	01:17:00.053	159.076				2
2026.05.20	01:17:03.359	159.075	159.076			6
2026.05.20	01:17:11.779	159.074	159.075			6
2026.05.20	01:17:17.796	159.057	159.058			6
2026.05.20	01:17:18.089	159.072	159.073			6
2026.05.20	01:17:18.994	159.073	159.074			6
2026.05.20	01:17:20.796	159.076	159.077			6
2026.05.20	01:17:21.097	159.078	159.079			6
2026.05.20	01:17:26.812	159.079	159.080			6
2026.05.20	01:17:28.010	159.078	159.079			6
2026.05.20	01:17:31.018	159.079	159.080			6
2026.05.20	01:17:39.430	159.078	159.079			6
2026.05.20	01:17:42.140	159.079	159.080			6
2026.05.20	01:17:42.743	159.077	159.078			6
2026.05.20	01:17:44.245	159.079	159.080			6
2026.05.20	01:17:44.545	159.082	159.083			6
2026.05.20	01:18:00.191	159.082				2
2026.05.20	01:18:02.894	159.087	159.088			6
2026.05.20	01:18:03.198	159.086	159.087			6
2026.05.20	01:18:03.499	159.083	159.084			6
2026.05.20	01:18:03.801	159.082	159.083			6
2026.05.20	01:18:04.693	159.081	159.082			6
2026.05.20	01:18:06.201	159.080	159.081			6
2026.05.20	01:18:11.616	159.084	159.085			6
2026.05.20	01:18:12.512	159.085	159.086			6
2026.05.20	01:18:12.811	159.083	159.084			6
2026.05.20	01:18:15.220	159.084	159.085			6
2026.05.20	01:18:17.626	159.083	159.084			6
2026.05.20	01:18:23.039	159.085	159.086			6
2026.05.20	01:18:24.236	159.084	159.085			6
2026.05.20	01:18:26.343	159.085	159.086			6
2026.05.20	01:18:26.639	159.084	159.085			6
2026.05.20	01:18:37.761	159.085	159.086			6
2026.05.20	01:18:44.382	159.084	159.085			6
2026.05.20	01:18:52.798	159.083	159.084			6
2026.05.20	01:19:00.020	159.083				2
2026.05.20	01:19:00.318	159.084	159.085			6
2026.05.20	01:19:00.915	159.083	159.084			6
2026.05.20	01:19:08.147	159.082	159.083			6
2026.05.20	01:19:08.744	159.084	159.085			6
2026.05.20	01:19:17.763	159.086	159.087			6
2026.05.20	01:19:21.663	159.084	159.085			6
2026.05.20	01:19:24.073	159.086	159.087			6
2026.05.20	01:19:37.292	159.085	159.086			6
2026.05.20	01:19:46.308	159.086	159.087			6
2026.05.20	01:20:00.159	159.086				2
2026.05.20	01:20:08.284	159.084	159.085			6
2026.05.20	01:20:20.013	159.103	159.104			6
2026.05.20	01:20:20.308	159.105	159.106			6
2026.05.20	01:20:21.209	159.101	159.110			6
2026.05.20	01:20:22.715	159.095	159.100			6
2026.05.20	01:20:23.013	159.092				2
2026.05.20	01:20:25.416	159.090	159.099			6
2026.05.20	01:20:27.216	159.091				2
2026.05.20	01:20:29.321	159.090				2
2026.05.20	01:20:29.626	159.091	159.100			6
2026.05.20	01:20:33.830	159.092	159.101			6
2026.05.20	01:20:41.949	159.094				2
2026.05.20	01:20:43.152	159.093				2
2026.05.20	01:20:47.665	159.094				2
2026.05.20	01:20:47.961	159.096	159.104			6
2026.05.20	01:20:56.689	159.095	159.103			6
2026.05.20	01:20:56.989		159.104			4
2026.05.20	01:21:00.299	159.095				2
2026.05.20	01:21:00.597		159.103			4
2026.05.20	01:21:14.422		159.104			4
2026.05.20	01:21:22.840		159.103			4
2026.05.20	01:21:26.751	159.093	159.101			6
2026.05.20	01:21:40.596	159.092	159.100			6
2026.05.20	01:21:42.099	159.091				2
2026.05.20	01:21:42.398	159.092				2
2026.05.20	01:21:45.710	159.091				2
2026.05.20	01:21:50.831	159.090	159.098			6
2026.05.20	01:21:51.132	159.089				2
2026.05.20	01:21:56.246	159.091				2
2026.05.20	01:21:56.542	159.092	159.100			6
2026.05.20	01:21:58.647	159.093	159.101			6
2026.05.20	01:22:00.154	159.093				2
2026.05.20	01:22:03.760	159.092	159.100			6
2026.05.20	01:22:04.064		159.099			4
2026.05.20	01:22:04.658		159.100			4
2026.05.20	01:22:04.959		159.099			4
2026.05.20	01:22:05.561		159.100			4
2026.05.20	01:22:06.765	159.091				2
2026.05.20	01:22:10.070	159.089	159.098			6
2026.05.20	01:22:13.681		159.097			4
2026.05.20	01:22:34.137	159.091				2
2026.05.20	01:22:34.438	159.090				2
2026.05.20	01:22:43.459	159.088				2
2026.05.20	01:22:45.266	159.089				2
2026.05.20	01:23:00.022	159.089				2
2026.05.20	01:23:01.517	159.090				2
2026.05.20	01:23:11.146		159.096			4
2026.05.20	01:23:12.949		159.097			4
2026.05.20	01:23:16.854		159.096			4
2026.05.20	01:23:18.055	159.088				2
2026.05.20	01:23:31.887	159.089	159.095			6
2026.05.20	01:23:32.187		159.096			4
2026.05.20	01:23:32.490	159.090				2
2026.05.20	01:23:33.393	159.095	159.103			6
2026.05.20	01:23:33.687	159.096				2
2026.05.20	01:23:34.294	159.095				2
2026.05.20	01:23:36.398		159.104			4
2026.05.20	01:23:43.313	159.096				2
2026.05.20	01:23:46.620	159.097				2
2026.05.20	01:23:47.226	159.096				2
2026.05.20	01:23:49.030		159.103			4
2026.05.20	01:23:50.832		159.104			4
2026.05.20	01:23:55.042		159.103			4
2026.05.20	01:23:55.342	159.101	159.109			6
2026.05.20	01:23:55.642	159.102	159.110			6
2026.05.20	01:23:56.244	159.101				2
2026.05.20	01:23:57.152	159.103	159.111			6
2026.05.20	01:23:57.445	159.104				2
2026.05.20	01:23:59.256	159.103				2
2026.05.20	01:24:00.153	159.103				2
2026.05.20	01:24:00.461	159.096	159.103			6
2026.05.20	01:24:00.753		159.102			4
2026.05.20	01:24:01.361	159.095	159.103			6
2026.05.20	01:24:02.863	159.093	159.099			6
2026.05.20	01:24:03.163	159.091	159.098			6
2026.05.20	01:24:06.173	159.090				2
2026.05.20	01:24:53.373	159.092				2
2026.05.20	01:24:58.482	159.093				2
2026.05.20	01:24:59.987	159.090				2
2026.05.20	01:25:00.289	159.090				2
2026.05.20	01:25:01.193	159.091	159.099			6
2026.05.20	01:25:01.487	159.092				2
2026.05.20	01:25:02.389	159.091				2
2026.05.20	01:25:03.289	159.092				2
2026.05.20	01:25:03.591	159.094	159.101			6
2026.05.20	01:25:03.890	159.096	159.104			6
2026.05.20	01:25:04.194	159.095	159.103			6
2026.05.20	01:25:05.394	159.094	159.102			6
2026.05.20	01:25:11.413	159.089	159.097			6
2026.05.20	01:25:11.714	159.087	159.093			6
2026.05.20	01:25:12.611	159.086	159.092			6
2026.05.20	01:25:14.115	159.087	159.094			6
2026.05.20	01:25:14.718		159.093			4
2026.05.20	01:25:15.316	159.084				2
2026.05.20	01:25:15.616	159.087				2
2026.05.20	01:25:23.444	159.080	159.087			6
2026.05.20	01:25:23.738	159.078				2
2026.05.20	01:25:30.958	159.079	159.088			6
2026.05.20	01:25:32.755		159.087			4
2026.05.20	01:25:46.284	159.078				2
2026.05.20	01:25:47.187		159.086			4
2026.05.20	01:25:49.585	159.077				2
2026.05.20	01:25:50.186	159.078	159.087			6
2026.05.20	01:25:54.694		159.086			4
2026.05.20	01:25:55.294	159.079				2
2026.05.20	01:25:58.602	159.078				2
2026.05.20	01:26:00.103	159.078				2
2026.05.20	01:26:07.021		159.087			4
2026.05.20	01:26:10.929	159.079				2
2026.05.20	01:26:31.377		159.086			4
2026.05.20	01:26:50.329	159.080				2
2026.05.20	01:26:50.630	159.079	159.085			6
2026.05.20	01:26:53.034	159.080	159.086			6
2026.05.20	01:27:00.246	159.080				2
2026.05.20	01:27:09.257		159.085			4
2026.05.20	01:27:25.189	159.081				2
2026.05.20	01:27:41.129	159.082				2
2026.05.20	01:27:48.341	159.083	159.086			6
2026.05.20	01:27:49.244	159.081	159.084			6
2026.05.20	01:27:52.252	159.083	159.086			6
2026.05.20	01:27:59.164		159.085			4
2026.05.20	01:28:00.067	159.083				2
2026.05.20	01:28:03.363	159.082	159.084			6
2026.05.20	01:28:12.984	159.081	159.083			6
2026.05.20	01:28:13.280	159.082				2
2026.05.20	01:28:22.898	159.083	159.084			6
2026.05.20	01:28:24.100	159.084	159.085			6
2026.05.20	01:28:25.299	159.083	159.084			6
2026.05.20	01:28:38.825	159.084	159.085			6
2026.05.20	01:28:42.140	159.085	159.086			6
2026.05.20	01:28:46.341	159.083	159.084			6
2026.05.20	01:28:56.573	159.084	159.085			6
2026.05.20	01:29:00.181	159.084				2
2026.05.20	01:29:01.381	159.083	159.084			6
2026.05.20	01:29:01.681	159.084	159.085			6
2026.05.20	01:29:01.983	159.083	159.084			6
2026.05.20	01:29:06.186	159.088	159.089			6
2026.05.20	01:29:06.487	159.087	159.088			6
2026.05.20	01:29:27.232	159.089	159.090			6
2026.05.20	01:29:32.945	159.088	159.089			6
2026.05.20	01:29:33.246	159.090	159.091			6
2026.05.20	01:29:33.546	159.088	159.089			6
2026.05.20	01:29:56.130	159.089	159.090			6
2026.05.20	01:29:56.729	159.088	159.089			6
2026.05.20	01:30:00.052	159.088				2
2026.05.20	01:30:00.344	159.089	159.090			6
2026.05.20	01:30:01.550	159.090	159.091			6
2026.05.20	01:30:01.853	159.089	159.090			6
2026.05.20	01:30:02.152	159.088	159.089			6
2026.05.20	01:30:02.450	159.089	159.090			6
2026.05.20	01:30:03.659	159.088	159.089			6
2026.05.20	01:30:04.555	159.087	159.088			6
2026.05.20	01:30:04.855	159.088	159.089			6
2026.05.20	01:30:06.656	159.089	159.090			6
2026.05.20	01:30:06.964	159.090	159.091			6
2026.05.20	01:30:07.257	159.089	159.090			6
2026.05.20	01:30:12.667	159.088	159.089			6
2026.05.20	01:30:26.193	159.090	159.091			6
2026.05.20	01:30:26.786	159.089	159.090			6
2026.05.20	01:30:39.404	159.088	159.089			6
2026.05.20	01:30:42.413	159.085	159.086			6
2026.05.20	01:30:42.712	159.083	159.084			6
2026.05.20	01:30:49.327	159.082	159.083			6
2026.05.20	01:30:50.238	159.081	159.082			6
2026.05.20	01:30:50.528	159.082	159.083			6
2026.05.20	01:30:51.732	159.083	159.084			6
2026.05.20	01:30:52.936	159.080	159.081			6
2026.05.20	01:31:00.147	159.080				2
2026.05.20	01:31:06.454	159.079	159.080			6
2026.05.20	01:31:13.380	159.078	159.079			6
2026.05.20	01:31:16.688	159.079	159.080			6
2026.05.20	01:31:17.595	159.078	159.079			6
2026.05.20	01:31:17.892	159.079	159.080			6
2026.05.20	01:31:21.795	159.078	159.079			6
2026.05.20	01:31:30.834	159.077	159.078			6
2026.05.20	01:31:31.127	159.075	159.076			6
2026.05.20	01:31:31.427	159.076	159.077			6
2026.05.20	01:31:31.728	159.077	159.078			6
2026.05.20	01:31:38.346	159.079	159.080			6
2026.05.20	01:31:38.646	159.080	159.081			6
2026.05.20	01:31:54.279	159.081	159.082			6
2026.05.20	01:31:54.580	159.082	159.083			6
2026.05.20	01:31:56.684	159.081	159.082			6
2026.05.20	01:31:57.285	159.082	159.083			6
2026.05.20	01:31:59.084	159.081	159.082			6
2026.05.20	01:32:00.293	159.081				2
2026.05.20	01:32:01.490	159.082	159.083			6
2026.05.20	01:32:03.292	159.081	159.082			6
2026.05.20	01:32:03.599	159.082	159.083			6
2026.05.20	01:32:03.898	159.081	159.082			6
2026.05.20	01:32:05.094	159.082	159.083			6
2026.05.20	01:32:09.603	159.081	159.082			6
2026.05.20	01:32:11.719	159.082	159.083			6
2026.05.20	01:32:21.645	159.083	159.084			6
2026.05.20	01:32:22.251	159.082	159.083			6
2026.05.20	01:33:00.144	159.082				2
2026.05.20	01:33:01.044	159.083	159.084			6
2026.05.20	01:33:01.346	159.079	159.080			6
2026.05.20	01:33:02.245	159.081	159.082			6
2026.05.20	01:33:03.146	159.080	159.081			6
2026.05.20	01:33:03.749	159.081	159.082			6
2026.05.20	01:33:04.047	159.080	159.081			6
2026.05.20	01:33:05.551	159.081	159.082			6
2026.05.20	01:33:05.854	159.080	159.081			6
2026.05.20	01:33:17.270	159.079	159.080			6
2026.05.20	01:33:21.782	159.080	159.081			6
2026.05.20	01:33:28.996	159.079	159.080			6
2026.05.20	01:33:29.298	159.080	159.081			6
2026.05.20	01:33:29.898	159.079	159.080			6
2026.05.20	01:33:37.416	159.080	159.081			6
2026.05.20	01:33:39.220	159.079	159.080			6
2026.05.20	01:33:39.520	159.080	159.081			6
2026.05.20	01:33:43.438	159.081	159.082			6
2026.05.20	01:33:43.733	159.080	159.081			6
2026.05.20	01:33:44.634	159.081	159.082			6
2026.05.20	01:33:54.560	159.080	159.081			6
2026.05.20	01:33:59.379	159.081	159.082			6
2026.05.20	01:33:59.677	159.082	159.083			6
2026.05.20	01:34:00.276	159.082				2
2026.05.20	01:34:01.185	159.081	159.082			6
2026.05.20	01:34:04.785	159.082	159.083			6
2026.05.20	01:34:05.687	159.081	159.082			6
2026.05.20	01:34:05.988	159.082	159.083			6
2026.05.20	01:34:07.186	159.081	159.082			6
2026.05.20	01:34:13.200	159.082	159.083			6
2026.05.20	01:34:17.107	159.080	159.081			6
2026.05.20	01:34:23.727	159.081	159.082			6
2026.05.20	01:35:00.081	159.081				2
2026.05.20	01:35:15.717	159.078	159.079			6
2026.05.20	01:35:16.020	159.081	159.082			6
2026.05.20	01:35:16.618	159.080	159.081			6
2026.05.20	01:35:49.393	159.081	159.082			6
2026.05.20	01:36:00.227	159.080	159.081			6
2026.05.20	01:36:00.521	159.081	159.082			6
2026.05.20	01:36:07.448	159.080	159.081			6
2026.05.20	01:36:07.740	159.081	159.082			6
2026.05.20	01:36:11.652	159.080	159.081			6
2026.05.20	01:36:11.946	159.081	159.082			6
2026.05.20	01:36:28.786	159.082	159.083			6
2026.05.20	01:36:54.330	159.081	159.082			6
2026.05.20	01:37:00.056	159.081				2
2026.05.20	01:37:24.120	159.082	159.083			6
2026.05.20	01:38:00.235	159.082				2
2026.05.20	01:38:24.287		159.083			4
2026.05.20	01:39:00.074	159.082				2
2026.05.20	01:39:24.430		159.083			4
2026.05.20	01:39:24.729	159.081	159.082			6
2026.05.20	01:39:43.964	159.082	159.083			6
2026.05.20	01:40:00.208	159.082				2
2026.05.20	01:40:03.511	159.081	159.082			6
2026.05.20	01:40:03.810	159.082	159.083			6
2026.05.20	01:40:07.419	159.081	159.082			6
2026.05.20	01:40:09.220	159.082	159.083			6
2026.05.20	01:40:13.427	159.081	159.082			6
2026.05.20	01:40:20.952	159.082	159.083			6
2026.05.20	01:40:47.687	159.081	159.082			6
2026.05.20	01:40:49.194	159.085	159.086			6
2026.05.20	01:41:00.027	159.085				2
2026.05.20	01:41:23.484	159.084	159.085			6
2026.05.20	01:41:27.393	159.086	159.087			6
2026.05.20	01:41:27.698	159.085	159.086			6
2026.05.20	01:41:50.546	159.086	159.087			6
2026.05.20	01:41:53.854	159.085	159.086			6
2026.05.20	01:42:00.169	159.085				2
2026.05.20	01:42:00.764	159.084	159.085			6
2026.05.20	01:42:23.025	159.085	159.086			6
2026.05.20	01:42:23.627	159.084	159.085			6
2026.05.20	01:42:26.932	159.083	159.084			6
2026.05.20	01:42:38.060	159.084	159.085			6
2026.05.20	01:42:40.768	159.083	159.084			6
2026.05.20	01:42:53.395	159.085	159.086			6
2026.05.20	01:42:54.295	159.084	159.085			6
2026.05.20	01:42:57.598	159.085	159.086			6
2026.05.20	01:42:59.102	159.084	159.085			6
2026.05.20	01:43:00.013	159.084				2
2026.05.20	01:43:01.812	159.085	159.086			6
2026.05.20	01:43:07.820	159.084	159.085			6
2026.05.20	01:43:08.722	159.083	159.084			6
2026.05.20	01:43:17.144	159.082	159.083			6
2026.05.20	01:43:17.443	159.084	159.085			6
2026.05.20	01:43:18.646	159.083	159.084			6
2026.05.20	01:43:19.246	159.082	159.083			6
2026.05.20	01:43:19.550	159.083	159.084			6
2026.05.20	01:43:28.560	159.084	159.085			6
2026.05.20	01:44:00.147	159.084				2
2026.05.20	01:44:28.708		159.085			4
2026.05.20	01:44:51.873	159.085	159.086			6
2026.05.20	01:44:53.065	159.086	159.087			6
2026.05.20	01:45:00.284	159.086				2
2026.05.20	01:45:10.572	159.084	159.085			6
2026.05.20	01:45:15.121	159.083	159.084			6
2026.05.20	01:45:19.011	159.084	159.085			6
2026.05.20	01:45:33.153	159.083	159.084			6
2026.05.20	01:45:56.620	159.084	159.085			6
2026.05.20	01:46:00.229	159.084				2
2026.05.20	01:46:00.529	159.083	159.084			6
2026.05.20	01:46:00.829	159.085	159.086			6
2026.05.20	01:46:01.437	159.084	159.085			6
2026.05.20	01:46:03.245	159.083	159.084			6
2026.05.20	01:46:11.370	159.084	159.085			6
2026.05.20	01:46:14.373	159.085	159.086			6
2026.05.20	01:46:27.307	159.084	159.085			6
2026.05.20	01:46:55.893	159.083	159.084			6
2026.05.20	01:47:00.110	159.083				2
2026.05.20	01:47:40.116	159.084	159.085			6
2026.05.20	01:47:40.416	159.085	159.086			6
2026.05.20	01:47:59.671	159.083	159.084			6
2026.05.20	01:48:00.274	159.083				2
2026.05.20	01:48:24.634	159.084	159.085			6
2026.05.20	01:48:28.851	159.083	159.084			6
2026.05.20	01:48:29.150	159.084	159.085			6
2026.05.20	01:48:50.190	159.093	159.094			6
2026.05.20	01:48:50.486	159.095	159.096			6
2026.05.20	01:49:00.117	159.095				2
2026.05.20	01:49:00.419	159.096	159.097			6
2026.05.20	01:49:05.532	159.095	159.096			6
2026.05.20	01:49:16.658	159.096	159.097			6
2026.05.20	01:49:18.461	159.095	159.096			6
2026.05.20	01:49:23.879	159.096	159.097			6
2026.05.20	01:49:25.684	159.095	159.096			6
2026.05.20	01:49:31.095	159.094	159.095			6
2026.05.20	01:49:47.042	159.096	159.097			6
2026.05.20	01:49:47.345	159.097	159.098			6
2026.05.20	01:49:56.369	159.098	159.099			6
2026.05.20	01:50:00.282	159.098				2
2026.05.20	01:50:14.413	159.097	159.098			6
2026.05.20	01:50:16.817	159.103	159.104			6
2026.05.20	01:50:17.120	159.104	159.105			6
2026.05.20	01:50:18.327	159.103				2
2026.05.20	01:50:24.339	159.104				2
2026.05.20	01:50:25.841	159.103	159.104			6
2026.05.20	01:50:29.752	159.100	159.101			6
2026.05.20	01:50:30.051	159.098	159.099			6
2026.05.20	01:50:31.255	159.097	159.100			6
2026.05.20	01:50:36.968	159.096	159.099			6
2026.05.20	01:50:48.389	159.097				2
2026.05.20	01:50:51.397	159.099	159.101			6
2026.05.20	01:50:53.199	159.093	159.095			6
2026.05.20	01:50:53.500	159.094	159.096			6
2026.05.20	01:51:00.131	159.092	159.095			6
2026.05.20	01:51:01.932	159.094	159.097			6
2026.05.20	01:51:17.584	159.093	159.096			6
2026.05.20	01:51:26.301	159.092	159.095			6
2026.05.20	01:51:30.207	159.093				2
2026.05.20	01:51:57.287		159.094			4
2026.05.20	01:52:00.289	159.093				2
2026.05.20	01:52:21.641	159.094	159.095			6
2026.05.20	01:52:39.395	159.095	159.096			6
2026.05.20	01:52:49.615	159.094	159.095			6
2026.05.20	01:53:00.131	159.094				2
2026.05.20	01:53:00.734	159.095	159.096			6
2026.05.20	01:53:23.573	159.094	159.095			6
2026.05.20	01:53:24.477	159.095	159.096			6
2026.05.20	01:53:26.283	159.093	159.094			6
2026.05.20	01:53:36.500	159.094	159.095			6
2026.05.20	01:53:37.101	159.093	159.094			6
2026.05.20	01:53:42.817	159.094	159.095			6
2026.05.20	01:53:54.853	159.082	159.083			6
2026.05.20	01:53:55.151	159.080	159.084			6
2026.05.20	01:53:55.457	159.079	159.083			6
2026.05.20	01:53:55.751	159.080	159.084			6
2026.05.20	01:53:56.354	159.079				2
2026.05.20	01:53:57.256	159.078	159.083			6
2026.05.20	01:54:00.265	159.078				2
2026.05.20	01:54:00.567	159.077	159.082			6
2026.05.20	01:54:02.676	159.078	159.083			6
2026.05.20	01:54:04.183		159.082			4
2026.05.20	01:54:13.810	159.074	159.077			6
2026.05.20	01:54:14.107	159.071	159.076			6
2026.05.20	01:54:24.640	159.075	159.080			6
2026.05.20	01:54:27.654	159.076	159.081			6
2026.05.20	01:54:32.462	159.079	159.084			6
2026.05.20	01:54:33.365		159.085			4
2026.05.20	01:54:36.082	159.078	159.084			6
2026.05.20	01:54:51.110	159.079				2
2026.05.20	01:55:00.127	159.079				2
2026.05.20	01:55:00.428	159.078	159.083			6
2026.05.20	01:55:02.531	159.079	159.084			6
2026.05.20	01:55:04.636	159.073	159.074			6
2026.05.20	01:55:04.936	159.072				2
2026.05.20	01:55:05.236	159.071	159.078			6
2026.05.20	01:55:06.136	159.072				2
2026.05.20	01:55:07.940	159.075	159.080			6
2026.05.20	01:55:08.241	159.078	159.082			6
2026.05.20	01:55:13.058	159.076	159.080			6
2026.05.20	01:55:13.357	159.073				2
2026.05.20	01:55:14.259	159.072				2
2026.05.20	01:55:14.561		159.078			4
2026.05.20	01:55:22.600		159.079			4
2026.05.20	01:55:36.728	159.073	159.080			6
2026.05.20	01:55:38.834	159.077	159.084			6
2026.05.20	01:55:39.135	159.076	159.083			6
2026.05.20	01:55:40.636	159.077	159.081			6
2026.05.20	01:55:42.004	159.072	159.078			6
2026.05.20	01:55:42.305		159.077			4
2026.05.20	01:55:42.905		159.075			4
2026.05.20	01:55:52.425		159.078			4
2026.05.20	01:55:53.255		159.075			4
2026.05.20	01:56:01.087	159.072				2
2026.05.20	01:56:01.528		159.077			4
2026.05.20	01:56:02.578		159.075			4
2026.05.20	01:56:05.320		159.077			4
2026.05.20	01:56:05.765		159.076			4
2026.05.20	01:56:08.144	159.071				2
2026.05.20	01:56:08.445		159.077			4
2026.05.20	01:56:09.434		159.076			4
2026.05.20	01:56:11.127		159.077			4
2026.05.20	01:56:12.685	159.076	159.083			6
2026.05.20	01:56:12.985	159.077				2
2026.05.20	01:56:13.285	159.076				2
2026.05.20	01:56:14.588	159.077				2
2026.05.20	01:56:15.190		159.080			4
2026.05.20	01:56:17.907	159.076				2
2026.05.20	01:56:18.281		159.079			4
2026.05.20	01:56:18.581		159.081			4
2026.05.20	01:56:18.881	159.077				2
2026.05.20	01:56:19.482		159.080			4
2026.05.20	01:56:23.090	159.076				2
2026.05.20	01:56:23.886		159.081			4
2026.05.20	01:56:24.535		159.080			4
2026.05.20	01:56:32.445		159.079			4
2026.05.20	01:56:32.747	159.072	159.077			6
2026.05.20	01:56:33.047		159.076			4
2026.05.20	01:56:33.649		159.077			4
2026.05.20	01:56:37.436		159.076			4
2026.05.20	01:56:42.665	159.071	159.077			6
2026.05.20	01:56:43.709		159.076			4
2026.05.20	01:56:47.410		159.074			4
2026.05.20	01:56:52.354	159.073	159.077			6
2026.05.20	01:56:52.654	159.074				2
2026.05.20	01:56:54.157	159.073				2
2026.05.20	01:56:54.804	159.078	159.082			6
2026.05.20	01:57:00.677	159.078				2
2026.05.20	01:57:13.094	159.079				2
2026.05.20	01:57:16.704		159.084			4
2026.05.20	01:57:17.610		159.083			4
2026.05.20	01:57:18.504		159.086			4
2026.05.20	01:57:21.944		159.085			4
2026.05.20	01:57:22.313		159.086			4
2026.05.20	01:57:22.914		159.085			4
2026.05.20	01:57:29.229		159.086			4
2026.05.20	01:57:31.034	159.078				2
2026.05.20	01:57:31.334	159.079				2
2026.05.20	01:57:37.951	159.078				2
2026.05.20	01:57:42.172	159.079				2
2026.05.20	01:57:42.473	159.078				2
2026.05.20	01:57:47.378	159.079				2
2026.05.20	01:57:59.103	159.076	159.083			6
2026.05.20	01:58:00.016	159.076				2
2026.05.20	01:58:04.180		159.080			4
2026.05.20	01:58:06.484	159.069	159.074			6
2026.05.20	01:58:07.086		159.073			4
2026.05.20	01:58:07.387	159.068				2
2026.05.20	01:58:08.462	159.067				2
2026.05.20	01:58:08.762	159.066	159.072			6
2026.05.20	01:58:09.062		159.071			4
2026.05.20	01:58:11.925		159.073			4
2026.05.20	01:58:18.579		159.072			4
2026.05.20	01:58:34.497	159.065				2
2026.05.20	01:58:39.609	159.066				2
2026.05.20	01:58:55.845		159.073			4
2026.05.20	01:59:00.058	159.066				2
2026.05.20	01:59:00.358	159.063	159.070			6
2026.05.20	01:59:02.459	159.064	159.071			6
2026.05.20	01:59:05.765		159.070			4
2026.05.20	01:59:06.065	159.063				2
2026.05.20	01:59:08.671	159.064	159.071			6
2026.05.20	01:59:11.378		159.070			4
2026.05.20	01:59:13.482	159.056	159.062			6
2026.05.20	01:59:14.382	159.055	159.063			6
2026.05.20	01:59:19.242	159.056				2
2026.05.20	01:59:19.844	159.057				2
2026.05.20	01:59:20.145	159.056				2
2026.05.20	01:59:21.647	159.066	159.072			6
2026.05.20	01:59:21.947		159.073			4
2026.05.20	01:59:23.151		159.074			4
2026.05.20	01:59:24.960	159.069	159.078			6
2026.05.20	01:59:25.261		159.077			4
2026.05.20	01:59:26.462		159.076			4
2026.05.20	01:59:27.365	159.077	159.082			6
2026.05.20	01:59:27.666		159.083			4
2026.05.20	01:59:28.269	159.070	159.076			6
2026.05.20	01:59:28.570	159.069				2
2026.05.20	01:59:29.918		159.075			4
2026.05.20	01:59:30.218		159.076			4
2026.05.20	01:59:38.927	159.068	159.075			6
2026.05.20	01:59:45.204	159.069	159.076			6
2026.05.20	01:59:46.312	159.068	159.075			6
2026.05.20	01:59:47.030		159.074			4
2026.05.20	01:59:49.670	159.067				2
2026.05.20	01:59:51.256		159.075			4
2026.05.20	02:00:00.272	159.067				2
2026.05.20	02:00:01.175	159.069				2
2026.05.20	02:00:03.326	159.067	159.074			6
2026.05.20	02:00:03.626		159.075			4
2026.05.20	02:00:15.531	159.068				2
2026.05.20	02:00:16.743	159.067				2
2026.05.20	02:00:20.566	159.068				2
2026.05.20	02:00:25.073		159.073			4
2026.05.20	02:00:28.892		159.074			4
2026.05.20	02:00:30.377	159.067				2
2026.05.20	02:00:30.976		159.073			4
2026.05.20	02:00:31.277		159.074			4
2026.05.20	02:00:32.833		159.075			4
2026.05.20	02:00:46.354		159.076			4
2026.05.20	02:00:53.099	159.073	159.079			6
2026.05.20	02:00:53.400		159.080			4
2026.05.20	02:00:53.701	159.072	159.078			6
2026.05.20	02:00:56.578	159.071				2
2026.05.20	02:00:59.750	159.069				2
2026.05.20	02:01:00.396	159.069	159.077			6
2026.05.20	02:01:05.093	159.070				2
2026.05.20	02:01:08.097	159.069				2
2026.05.20	02:01:10.960		159.076			4
2026.05.20	02:01:18.187		159.077			4
2026.05.20	02:01:22.963		159.076			4
2026.05.20	02:01:24.163	159.070	159.078			6
2026.05.20	02:01:30.481	159.069	159.077			6
2026.05.20	02:01:34.386	159.070				2
2026.05.20	02:01:46.732	159.072	159.079			6
2026.05.20	02:01:53.952	159.071	159.077			6
2026.05.20	02:01:54.255		159.076			4
2026.05.20	02:01:54.856	159.069				2
2026.05.20	02:02:00.272	159.069				2
2026.05.20	02:02:00.572	159.065	159.072			6
2026.05.20	02:02:00.872	159.066	159.071			6
2026.05.20	02:02:01.773	159.056	159.063			6
2026.05.20	02:02:02.372	159.055				2
2026.05.20	02:02:03.475		159.062			4
2026.05.20	02:02:10.768	159.048	159.055			6
2026.05.20	02:02:11.069		159.054			4
2026.05.20	02:02:12.680	159.049	159.056			6
2026.05.20	02:02:12.981		159.057			4
2026.05.20	02:02:16.018	159.048	159.056			6
2026.05.20	02:02:16.618	159.041	159.050			6
2026.05.20	02:02:19.625	159.043				2
2026.05.20	02:02:24.371	159.044	159.051			6
2026.05.20	02:02:29.704	159.043	159.050			6
2026.05.20	02:02:34.638		159.048			4
2026.05.20	02:02:34.939	159.044	159.050			6
2026.05.20	02:02:35.840	159.043	159.048			6
2026.05.20	02:02:36.441	159.044	159.050			6
2026.05.20	02:02:36.741	159.043	159.048			6
2026.05.20	02:02:37.043		159.050			4
2026.05.20	02:02:40.882	159.038	159.044			6
2026.05.20	02:02:41.182	159.030	159.037			6
2026.05.20	02:02:53.761	159.031	159.038			6
2026.05.20	02:02:54.061		159.037			4
2026.05.20	02:02:59.782		159.038			4
2026.05.20	02:03:00.083	159.031				2
2026.05.20	02:03:01.584		159.037			4
2026.05.20	02:03:02.785		159.038			4
2026.05.20	02:03:03.688	159.029	159.035			6
2026.05.20	02:03:03.987		159.036			4
2026.05.20	02:03:08.192		159.037			4
2026.05.20	02:03:10.600	159.033	159.039			6
2026.05.20	02:03:10.901		159.040			4
2026.05.20	02:03:11.203		159.039			4
2026.05.20	02:03:16.917		159.040			4
2026.05.20	02:03:17.818	159.034				2
2026.05.20	02:03:32.249		159.039			4
2026.05.20	02:03:34.355	159.041	159.046			6
2026.05.20	02:03:37.358	159.043	159.047			6
2026.05.20	02:03:37.660	159.044	159.049			6
2026.05.20	02:03:42.001		159.050			4
2026.05.20	02:03:45.302		159.049			4
2026.05.20	02:03:50.710		159.050			4
2026.05.20	02:04:00.299	159.044				2
2026.05.20	02:04:00.600		159.049			4
2026.05.20	02:04:09.023		159.050			4
2026.05.20	02:04:10.407	159.045	159.051			6
2026.05.20	02:04:16.420		159.052			4
2026.05.20	02:04:17.626		159.051			4
2026.05.20	02:04:20.028		159.050			4
2026.05.20	02:04:20.931		159.051			4
2026.05.20	02:04:24.840	159.039	159.045			6
2026.05.20	02:04:25.138	159.044	159.049			6
2026.05.20	02:04:30.849		159.048			4
2026.05.20	02:04:35.355		159.049			4
2026.05.20	02:04:47.985		159.048			4
2026.05.20	02:04:53.396		159.049			4
2026.05.20	02:04:57.302		159.048			4
2026.05.20	02:05:00.010	159.044				2
2026.05.20	02:05:11.436	159.045	159.049			6
2026.05.20	02:05:11.735	159.053	159.056			6
2026.05.20	02:05:12.036		159.057			4
2026.05.20	02:05:12.337	159.055	159.059			6
2026.05.20	02:05:12.636	159.056	159.060			6
2026.05.20	02:05:13.238		159.061			4
2026.05.20	02:05:13.539	159.057	159.060			6
2026.05.20	02:05:17.751		159.059			4
2026.05.20	02:05:19.851		159.060			4
2026.05.20	02:05:20.152		159.061			4
2026.05.20	02:05:21.354		159.060			4
2026.05.20	02:05:22.557		159.061			4
2026.05.20	02:05:22.860		159.060			4
2026.05.20	02:05:23.160		159.061			4
2026.05.20	02:05:25.074		159.060			4
2026.05.20	02:05:28.378		159.061			4
2026.05.20	02:05:29.831	159.054	159.058			6
2026.05.20	02:05:30.135		159.059			4
2026.05.20	02:05:32.236		159.058			4
2026.05.20	02:05:34.675		159.057			4
2026.05.20	02:05:36.282		159.058			4
2026.05.20	02:05:36.883		159.057			4
2026.05.20	02:05:38.058		159.058			4
2026.05.20	02:05:39.149		159.057			4
2026.05.20	02:05:43.577		159.058			4
2026.05.20	02:05:44.177		159.057			4
2026.05.20	02:05:55.001		159.058			4
2026.05.20	02:05:57.106	159.055	159.059			6
2026.05.20	02:06:00.110	159.055				2
2026.05.20	02:06:00.412		159.060			4
2026.05.20	02:06:00.712		159.059			4
2026.05.20	02:06:01.013		159.058			4
2026.05.20	02:06:12.737	159.054	159.057			6
2026.05.20	02:06:13.639	159.051	159.055			6
2026.05.20	02:06:13.939		159.054			4
2026.05.20	02:06:18.751	159.050	159.053			6
2026.05.20	02:06:21.456		159.052			4
2026.05.20	02:06:21.758		159.053			4
2026.05.20	02:06:22.960		159.052			4
2026.05.20	02:06:23.260	159.039	159.044			6
2026.05.20	02:06:23.561		159.043			4
2026.05.20	02:06:23.862		159.044			4
2026.05.20	02:06:24.163		159.045			4
2026.05.20	02:06:24.464		159.044			4
2026.05.20	02:06:25.069	159.041				2
2026.05.20	02:06:25.677	159.039				2
2026.05.20	02:06:26.880	159.041				2
2026.05.20	02:06:27.481	159.039				2
2026.05.20	02:06:27.783	159.038	159.042			6
2026.05.20	02:06:28.084		159.041			4
2026.05.20	02:06:28.385	159.035				2
2026.05.20	02:06:28.987		159.039			4
2026.05.20	02:06:29.593		159.040			4
2026.05.20	02:06:31.102	159.036				2
2026.05.20	02:06:31.401	159.037	159.041			6
2026.05.20	02:06:57.577		159.042			4
2026.05.20	02:07:00.282	159.038				2
2026.05.20	02:07:01.182	159.040	159.043			6
2026.05.20	02:07:01.483		159.044			4
2026.05.20	02:07:07.190	159.041	159.046			6
2026.05.20	02:07:07.490		159.045			4
2026.05.20	02:07:07.790	159.040	159.044			6
2026.05.20	02:07:08.991		159.043			4
2026.05.20	02:07:14.413		159.044			4
2026.05.20	02:07:15.013		159.043			4
2026.05.20	02:07:17.126	159.045	159.048			6
2026.05.20	02:07:17.426		159.049			4
2026.05.20	02:07:18.327		159.050			4
2026.05.20	02:07:18.930		159.049			4
2026.05.20	02:07:28.557		159.048			4
2026.05.20	02:07:28.857		159.049			4
2026.05.20	02:07:34.574		159.048			4
2026.05.20	02:07:34.875		159.049			4
2026.05.20	02:07:35.175		159.048			4
2026.05.20	02:07:42.985		159.049			4
2026.05.20	02:07:53.208		159.048			4
2026.05.20	02:07:54.409		159.047			4
2026.05.20	02:07:55.013		159.048			4
2026.05.20	02:07:55.314		159.049			4
2026.05.20	02:07:55.614		159.050			4
2026.05.20	02:07:55.915		159.049			4
2026.05.20	02:08:00.126	159.045				2
2026.05.20	02:08:03.133	159.046	159.050			6
2026.05.20	02:08:03.434		159.049			4
2026.05.20	02:08:04.035		159.050			4
2026.05.20	02:08:13.354	159.047	159.051			6
2026.05.20	02:08:13.954		159.052			4
2026.05.20	02:08:28.084	159.051	159.053			6
2026.05.20	02:08:28.385		159.054			4
2026.05.20	02:08:33.195		159.053			4
2026.05.20	02:08:34.397		159.054			4
2026.05.20	02:08:37.103	159.058	159.059			6
2026.05.20	02:08:37.405		159.060			4
2026.05.20	02:08:38.307		159.061			4
2026.05.20	02:08:45.525	159.056	159.060			6
2026.05.20	02:08:45.825		159.059			4
2026.05.20	02:08:53.644	159.057				2
2026.05.20	02:08:55.450	159.056				2
2026.05.20	02:08:55.751		159.058			4
2026.05.20	02:09:00.260	159.056				2
2026.05.20	02:09:12.594	159.055				2
2026.05.20	02:09:13.196		159.057			4
2026.05.20	02:09:15.602	159.056				2
2026.05.20	02:09:18.615		159.058			4
2026.05.20	02:09:21.624		159.057			4
2026.05.20	02:09:25.228	159.055	159.056			6
2026.05.20	02:09:26.433	159.051	159.054			6
2026.05.20	02:09:26.732		159.053			4
2026.05.20	02:09:35.150	159.050	159.052			6
2026.05.20	02:09:39.367		159.053			4
2026.05.20	02:09:42.072		159.052			4
2026.05.20	02:09:51.086		159.051			4
2026.05.20	02:10:00.107	159.050				2
2026.05.20	02:10:06.428	159.049				2
2026.05.20	02:10:06.728	159.043	159.044			6
2026.05.20	02:10:07.331		159.045			4
2026.05.20	02:10:08.535	159.045	159.047			6
2026.05.20	02:10:10.638		159.048			4
2026.05.20	02:10:12.141	159.044	159.047			6
2026.05.20	02:10:15.447		159.046			4
2026.05.20	02:10:20.856		159.045			4
2026.05.20	02:10:22.660		159.046			4
2026.05.20	02:10:29.882		159.047			4
2026.05.20	02:10:32.584	159.043	159.046			6
2026.05.20	02:10:35.887	159.044	159.047			6
2026.05.20	02:10:40.398		159.046			4
2026.05.20	02:10:44.612	159.043	159.045			6
2026.05.20	02:10:44.914	159.044	159.046			6
2026.05.20	02:10:50.626	159.045	159.047			6
2026.05.20	02:10:50.926	159.044	159.046			6
2026.05.20	02:10:51.827	159.045	159.047			6
2026.05.20	02:10:52.127	159.044	159.046			6
2026.05.20	02:11:00.251	159.044				2
2026.05.20	02:11:01.152	159.045				2
2026.05.20	02:11:02.651	159.044	159.045			6
2026.05.20	02:11:03.855	159.043	159.044			6
2026.05.20	02:11:07.761	159.041	159.042			6
2026.05.20	02:11:09.866	159.043	159.044			6
2026.05.20	02:11:10.166	159.042				2
2026.05.20	02:11:11.370		159.043			4
2026.05.20	02:11:12.875	159.043	159.044			6
2026.05.20	02:11:26.703	159.044	159.045			6
2026.05.20	02:11:27.304	159.043	159.044			6
2026.05.20	02:11:30.307	159.044	159.045			6
2026.05.20	02:11:34.212	159.043	159.044			6
2026.05.20	02:11:36.915	159.044	159.045			6
2026.05.20	02:11:43.227	159.043	159.044			6
2026.05.20	02:11:46.834	159.044	159.045			6
2026.05.20	02:11:53.145	159.042	159.043			6
2026.05.20	02:12:00.060	159.042				2
2026.05.20	02:12:01.864	159.043	159.044			6
2026.05.20	02:12:07.883	159.044	159.045			6
2026.05.20	02:12:09.385	159.043	159.044			6
2026.05.20	02:12:13.890	159.046	159.047			6
2026.05.20	02:12:28.026	159.047	159.048			6
2026.05.20	02:12:33.436	159.046	159.047			6
2026.05.20	02:12:47.268	159.047	159.048			6
2026.05.20	02:12:50.577	159.045	159.046			6
2026.05.20	02:12:50.879	159.047	159.048			6
2026.05.20	02:12:53.282	159.046	159.047			6
2026.05.20	02:12:57.790	159.044	159.045			6
2026.05.20	02:13:00.193	159.044				2
2026.05.20	02:13:04.097	159.043	159.044			6
2026.05.20	02:13:05.000	159.044	159.045			6
2026.05.20	02:13:14.921	159.045	159.046			6
2026.05.20	02:13:28.453	159.046	159.047			6
2026.05.20	02:13:36.585	159.045	159.046			6
2026.05.20	02:13:49.836	159.046	159.047			6
2026.05.20	02:13:50.135	159.045	159.046			6
2026.05.20	02:13:50.435	159.044	159.045			6
2026.05.20	02:13:56.760	159.045	159.046			6
2026.05.20	02:14:00.073	159.045				2
2026.05.20	02:14:07.892	159.044	159.045			6
2026.05.20	02:14:14.807	159.045	159.046			6
2026.05.20	02:14:22.334	159.044	159.045			6
2026.05.20	02:14:26.844	159.045	159.046			6
2026.05.20	02:14:28.351	159.044	159.045			6
2026.05.20	02:14:47.900	159.043	159.044			6
2026.05.20	02:14:50.606	159.044	159.045			6
2026.05.20	02:14:53.008	159.045	159.046			6
2026.05.20	02:14:57.828	159.044	159.045			6
2026.05.20	02:15:00.236	159.045	159.046			6
2026.05.20	02:15:00.536	159.044	159.045			6
2026.05.20	02:15:09.247	159.039	159.040			6
2026.05.20	02:15:11.649	159.038	159.039			6
2026.05.20	02:15:17.355	159.039	159.040			6
2026.05.20	02:15:27.574	159.038	159.039			6
2026.05.20	02:15:28.180	159.035	159.036			6
2026.05.20	02:15:35.395	159.034	159.035			6
2026.05.20	02:15:39.914	159.035	159.036			6
2026.05.20	02:15:40.214	159.036	159.037			6
2026.05.20	02:15:41.415	159.035	159.036			6
2026.05.20	02:15:48.631	159.036	159.037			6
2026.05.20	02:15:48.934	159.035	159.036			6
2026.05.20	02:15:51.337	159.036	159.037			6
2026.05.20	02:15:58.856	159.035	159.036			6
2026.05.20	02:16:00.060	159.035				2
2026.05.20	02:16:00.360	159.036	159.037			6
2026.05.20	02:16:15.687	159.037	159.038			6
2026.05.20	02:16:16.590	159.036	159.037			6
2026.05.20	02:16:28.314	159.034	159.035			6
2026.05.20	02:16:28.614	159.033	159.034			6
2026.05.20	02:16:31.620	159.034	159.035			6
2026.05.20	02:16:31.921	159.033	159.034			6
2026.05.20	02:16:33.725	159.034	159.035			6
2026.05.20	02:16:35.528	159.035	159.036			6
2026.05.20	02:16:35.829	159.037	159.038			6
2026.05.20	02:16:38.236	159.036	159.037			6
2026.05.20	02:16:42.745	159.035	159.036			6
2026.05.20	02:16:50.567	159.036	159.037			6
2026.05.20	02:16:51.768	159.033	159.034			6
2026.05.20	02:16:54.472	159.032	159.033			6
2026.05.20	02:16:55.372	159.033	159.034			6
2026.05.20	02:16:59.882	159.032	159.033			6
2026.05.20	02:17:00.183	159.032				2
2026.05.20	02:17:06.196	159.033	159.034			6
2026.05.20	02:17:19.715	159.034	159.035			6
2026.05.20	02:17:26.024	159.035	159.036			6
2026.05.20	02:17:29.928	159.034	159.035			6
2026.05.20	02:17:30.234	159.035	159.036			6
2026.05.20	02:17:30.534	159.034	159.035			6
2026.05.20	02:17:37.745	159.035	159.036			6
2026.05.20	02:17:40.450	159.034	159.035			6
2026.05.20	02:17:40.751	159.035	159.036			6
2026.05.20	02:17:41.050	159.034	159.035			6
2026.05.20	02:17:53.384	159.033	159.034			6
2026.05.20	02:17:57.596	159.032	159.033			6
2026.05.20	02:18:00.000	159.032				2
2026.05.20	02:18:10.831	159.033	159.034			6
2026.05.20	02:18:18.345	159.034	159.035			6
2026.05.20	02:18:19.250	159.033	159.034			6
2026.05.20	02:18:24.062	159.034	159.035			6
2026.05.20	02:18:28.878	159.033	159.034			6
2026.05.20	02:18:29.780	159.034	159.035			6
2026.05.20	02:18:30.382	159.033	159.034			6
2026.05.20	02:18:33.985	159.034	159.035			6
2026.05.20	02:18:34.587	159.033	159.034			6
2026.05.20	02:18:37.295	159.034	159.035			6
2026.05.20	02:18:43.469	159.035	159.036			6
2026.05.20	02:18:44.669	159.034	159.035			6
2026.05.20	02:18:48.281	159.035	159.036			6
2026.05.20	02:18:51.284	159.034	159.035			6
2026.05.20	02:18:51.585	159.035	159.036			6
2026.05.20	02:19:00.001	159.035				2
2026.05.20	02:19:01.202	159.036	159.037			6
2026.05.20	02:19:01.503	159.035	159.036			6
2026.05.20	02:19:02.706	159.034	159.035			6
2026.05.20	02:19:08.114	159.033	159.034			6
2026.05.20	02:19:08.416	159.034	159.035			6
2026.05.20	02:19:09.317	159.035	159.036			6
2026.05.20	02:19:10.521	159.034	159.035			6
2026.05.20	02:19:33.668	159.035	159.036			6
2026.05.20	02:19:36.680	159.034	159.035			6
2026.05.20	02:19:36.980	159.035	159.036			6
2026.05.20	02:19:43.296	159.041	159.042			6
2026.05.20	02:19:43.596	159.043	159.044			6
2026.05.20	02:19:43.896	159.045	159.046			6
2026.05.20	02:19:53.526	159.044	159.045			6
2026.05.20	02:20:00.143	159.044				2
2026.05.20	02:20:04.051	159.045	159.046			6
2026.05.20	02:20:04.953	159.046	159.047			6
2026.05.20	02:20:15.478	159.045	159.046			6
2026.05.20	02:20:26.901	159.049	159.050			6
2026.05.20	02:20:27.203	159.047	159.048			6
2026.05.20	02:20:37.127	159.048	159.049			6
2026.05.20	02:20:37.729	159.049	159.050			6
2026.05.20	02:20:46.148	159.048	159.049			6
2026.05.20	02:20:46.749	159.047	159.048			6
2026.05.20	02:20:53.362	159.048	159.049			6
2026.05.20	02:20:53.663	159.049	159.050			6
2026.05.20	02:20:54.265	159.048	159.049			6
2026.05.20	02:21:00.281	159.048				2
2026.05.20	02:21:01.483	159.047	159.048			6
2026.05.20	02:21:06.589	159.049	159.050			6
2026.05.20	02:21:07.490	159.048	159.049			6
2026.05.20	02:21:08.093	159.049	159.050			6
2026.05.20	02:21:10.496	159.048	159.049			6
2026.05.20	02:21:15.608	159.047	159.048			6
2026.05.20	02:21:19.525	159.043	159.044			6
2026.05.20	02:21:19.826	159.038	159.039			6
2026.05.20	02:21:20.125	159.036	159.037			6
2026.05.20	02:21:20.727	159.035	159.036			6
2026.05.20	02:21:21.327	159.036	159.038			6
2026.05.20	02:21:24.940		159.039			4
2026.05.20	02:21:30.954	159.041	159.043			6
2026.05.20	02:21:31.255	159.042	159.045			6
2026.05.20	02:21:31.856	159.045	159.046			6
2026.05.20	02:21:32.157		159.049			4
2026.05.20	02:21:33.798	159.047				2
2026.05.20	02:21:34.698	159.044	159.047			6
2026.05.20	02:21:35.536		159.046			4
2026.05.20	02:21:37.445	159.043				2
2026.05.20	02:21:42.574	159.036	159.040			6
2026.05.20	02:21:42.875		159.039			4
2026.05.20	02:21:55.270		159.040			4
2026.05.20	02:21:56.177		159.039			4
2026.05.20	02:21:58.470		159.040			4
2026.05.20	02:21:59.473		159.039			4
2026.05.20	02:21:59.777	159.040	159.044			6
2026.05.20	02:22:00.076	159.041	159.045			6
2026.05.20	02:22:01.168		159.044			4
2026.05.20	02:22:02.616		159.045			4
2026.05.20	02:22:08.095	159.042	159.047			6
2026.05.20	02:22:08.552		159.046			4
2026.05.20	02:22:08.856		159.045			4
2026.05.20	02:22:11.615		159.046			4
2026.05.20	02:22:13.925		159.045			4
2026.05.20	02:22:15.825		159.046			4
2026.05.20	02:22:16.725		159.045			4
2026.05.20	02:22:17.344	159.041				2
2026.05.20	02:22:22.402	159.037	159.042			6
2026.05.20	02:22:22.702		159.041			4
2026.05.20	02:22:24.206	159.036	159.040			6
2026.05.20	02:22:25.107	159.042	159.046			6
2026.05.20	02:22:25.407	159.043				2
2026.05.20	02:22:29.454		159.045			4
2026.05.20	02:22:29.769		159.048			4
2026.05.20	02:22:30.672		159.045			4
2026.05.20	02:22:36.878		159.046			4
2026.05.20	02:22:37.779		159.045			4
2026.05.20	02:22:49.374		159.046			4
2026.05.20	02:22:51.351		159.047			4
2026.05.20	02:22:51.652	159.047	159.051			6
2026.05.20	02:22:53.057		159.052			4
2026.05.20	02:22:53.959		159.051			4
2026.05.20	02:22:55.120		159.052			4
2026.05.20	02:22:56.020		159.051			4
2026.05.20	02:23:01.564	159.047				2
2026.05.20	02:23:02.321		159.050			4
2026.05.20	02:23:02.621		159.051			4
2026.05.20	02:23:02.920		159.050			4
2026.05.20	02:23:03.521		159.051			4
2026.05.20	02:23:07.783		159.052			4
2026.05.20	02:23:11.472		159.051			4
2026.05.20	02:23:18.082		159.052			4
2026.05.20	02:23:22.658		159.051			4
2026.05.20	02:23:22.957		159.052			4
2026.05.20	02:23:24.450		159.051			4
2026.05.20	02:23:34.980		159.050			4
2026.05.20	02:23:50.869		159.051			4
2026.05.20	02:23:51.771		159.050			4
2026.05.20	02:24:01.143	159.047				2
2026.05.20	02:24:01.443	159.035	159.040			6
2026.05.20	02:24:02.044		159.039			4
2026.05.20	02:24:02.344		159.040			4
2026.05.20	02:24:02.644		159.039			4
2026.05.20	02:24:03.587	159.034				2
2026.05.20	02:24:10.772		159.037			4
2026.05.20	02:24:12.577		159.039			4
2026.05.20	02:24:22.092		159.040			4
2026.05.20	02:24:26.790	159.036				2
2026.05.20	02:24:30.710		159.041			4
2026.05.20	02:24:31.012		159.040			4
2026.05.20	02:24:31.614		159.041			4
2026.05.20	02:24:33.125		159.040			4
2026.05.20	02:24:33.425		159.041			4
2026.05.20	02:24:35.827		159.042			4
2026.05.20	02:24:39.098		159.041			4
2026.05.20	02:24:40.907		159.039			4
2026.05.20	02:24:44.518		159.041			4
2026.05.20	02:24:46.490	159.034	159.040			6
2026.05.20	02:24:48.026		159.039			4
2026.05.20	02:25:07.173	159.034				2
2026.05.20	02:25:09.277		159.040			4
2026.05.20	02:25:14.823		159.039			4
2026.05.20	02:25:15.123		159.038			4
2026.05.20	02:25:16.926	159.035	159.039			6
2026.05.20	02:25:17.225		159.040			4
2026.05.20	02:25:21.780		159.039			4
2026.05.20	02:25:22.081		159.040			4
2026.05.20	02:25:25.282		159.039			4
2026.05.20	02:25:43.620		159.038			4
2026.05.20	02:25:54.439		159.037			4
2026.05.20	02:25:54.741		159.038			4
2026.05.20	02:25:57.451		159.037			4
2026.05.20	02:26:00.162	159.035				2
2026.05.20	02:26:01.669		159.038			4
2026.05.20	02:26:02.269		159.037			4
2026.05.20	02:26:03.171	159.034	159.036			6
2026.05.20	02:26:04.373	159.033				2
2026.05.20	02:26:06.780	159.035	159.038			6
2026.05.20	02:26:11.587	159.034	159.037			6
2026.05.20	02:26:12.790	159.033	159.036			6
2026.05.20	02:26:21.210	159.034				2
2026.05.20	02:26:22.112	159.033	159.035			6
2026.05.20	02:26:37.144		159.034			4
2026.05.20	02:27:00.289	159.033				2
2026.05.20	02:27:12.629	159.032	159.033			6
2026.05.20	02:27:14.735	159.033	159.034			6
2026.05.20	02:27:29.479	159.032	159.033			6
2026.05.20	02:27:30.081	159.033	159.034			6
2026.05.20	02:27:46.915	159.032	159.033			6
2026.05.20	02:28:00.149	159.032				2
2026.05.20	02:28:01.050	159.031	159.032			6
2026.05.20	02:28:04.355	159.032	159.033			6
2026.05.20	02:28:19.688	159.025	159.026			6
2026.05.20	02:28:19.991	159.023	159.024			6
2026.05.20	02:28:20.290	159.021				2
2026.05.20	02:28:20.891	159.020	159.023			6
2026.05.20	02:28:22.093	159.021	159.024			6
2026.05.20	02:28:25.697	159.020	159.023			6
2026.05.20	02:28:29.310	159.021				2
2026.05.20	02:28:35.626	159.022	159.024			6
2026.05.20	02:28:43.156		159.023			4
2026.05.20	02:28:50.082	159.023	159.024			6
2026.05.20	02:28:55.192	159.022	159.023			6
2026.05.20	02:28:57.296	159.024	159.025			6
2026.05.20	02:29:00.299	159.024				2
2026.05.20	02:29:01.201	159.023	159.024			6
2026.05.20	02:29:02.105	159.024	159.025			6
2026.05.20	02:29:04.509	159.023	159.024			6
2026.05.20	02:29:14.126	159.031	159.032			6
2026.05.20	02:29:14.426	159.032	159.033			6
2026.05.20	02:29:14.726	159.033	159.034			6
2026.05.20	02:29:15.027	159.032	159.033			6
2026.05.20	02:29:15.328	159.030	159.036			6
2026.05.20	02:29:16.094		159.035			4
2026.05.20	02:29:20.307	159.031				2
2026.05.20	02:29:24.215		159.036			4
2026.05.20	02:29:28.426		159.035			4
2026.05.20	02:29:44.679		159.034			4
2026.05.20	02:29:44.980		159.035			4
2026.05.20	02:29:48.286	159.033	159.036			6
2026.05.20	02:29:54.901	159.032	159.035			6
2026.05.20	02:30:00.015	159.032				2
2026.05.20	02:30:00.617	159.031	159.034			6
2026.05.20	02:30:03.327		159.033			4
2026.05.20	02:30:03.927	159.032	159.034			6
2026.05.20	02:30:09.935	159.031	159.033			6
2026.05.20	02:30:11.138	159.034	159.036			6
2026.05.20	02:30:11.740	159.035	159.037			6
2026.05.20	02:30:18.660	159.034	159.036			6
2026.05.20	02:30:22.280		159.035			4
2026.05.20	02:30:23.181	159.035	159.036			6
2026.05.20	02:30:27.091	159.033	159.034			6
2026.05.20	02:30:28.296	159.032				2
2026.05.20	02:30:29.196	159.033				2
2026.05.20	02:30:36.708	159.032	159.033			6
2026.05.20	02:30:41.223	159.033	159.034			6
2026.05.20	02:30:46.031	159.032	159.033			6
2026.05.20	02:30:47.533	159.023	159.024			6
2026.05.20	02:30:48.134	159.022	159.026			6
2026.05.20	02:30:48.434	159.021	159.025			6
2026.05.20	02:30:52.046	159.020	159.024			6
2026.05.20	02:30:57.461	159.030	159.031			6
2026.05.20	02:30:57.761		159.034			4
2026.05.20	02:30:59.262		159.036			4
2026.05.20	02:31:00.165	159.030				2
2026.05.20	02:31:03.476	159.031				2
2026.05.20	02:31:07.382	159.029	159.034			6
2026.05.20	02:31:13.096	159.028				2
2026.05.20	02:31:18.213	159.029	159.033			6
2026.05.20	02:31:18.514		159.034			4
2026.05.20	02:31:20.325	159.030	159.036			6
2026.05.20	02:31:20.625	159.031	159.037			6
2026.05.20	02:31:39.891	159.030	159.036			6
2026.05.20	02:31:40.194	159.031				2
2026.05.20	02:31:45.616	159.030	159.035			6
2026.05.20	02:31:55.233	159.031				2
2026.05.20	02:31:56.434	159.032	159.036			6
2026.05.20	02:31:57.939	159.031	159.035			6
2026.05.20	02:32:00.045	159.031				2
2026.05.20	02:32:00.345	159.032	159.036			6
2026.05.20	02:32:01.549	159.031	159.035			6
2026.05.20	02:32:11.179		159.034			4
2026.05.20	02:32:11.781	159.032	159.035			6
2026.05.20	02:32:16.890	159.031	159.034			6
2026.05.20	02:32:21.104	159.032	159.035			6
2026.05.20	02:32:24.109		159.034			4
2026.05.20	02:32:37.338	159.033				2
2026.05.20	02:32:44.555	159.032	159.033			6
2026.05.20	02:32:48.160	159.033	159.034			6
2026.05.20	02:32:54.482	159.032	159.033			6
2026.05.20	02:33:00.189	159.032				2
2026.05.20	02:33:20.336	159.033	159.034			6
2026.05.20	02:33:20.637	159.032	159.033			6
2026.05.20	02:33:23.649	159.034	159.035			6
2026.05.20	02:33:24.250	159.033	159.034			6
2026.05.20	02:33:41.082	159.034	159.035			6
2026.05.20	02:33:42.285	159.035	159.036			6
2026.05.20	02:33:44.688	159.034	159.035			6
2026.05.20	02:33:52.517	159.035	159.036			6
2026.05.20	02:33:53.121	159.034	159.035			6
2026.05.20	02:33:57.631	159.029	159.030			6
2026.05.20	02:33:58.225	159.028	159.029			6
2026.05.20	02:33:58.826	159.029	159.030			6
2026.05.20	02:34:00.029	159.029				2
2026.05.20	02:34:03.332	159.031	159.032			6
2026.05.20	02:34:06.340	159.034	159.035			6
2026.05.20	02:34:06.642	159.036	159.037			6
2026.05.20	02:34:12.348	159.032	159.033			6
2026.05.20	02:34:15.654	159.033	159.034			6
2026.05.20	02:34:20.769	159.032	159.033			6
2026.05.20	02:34:23.179	159.030	159.031			6
2026.05.20	02:34:23.474	159.027	159.028			6
2026.05.20	02:34:24.378	159.025	159.029			6
2026.05.20	02:34:26.185	159.026				2
2026.05.20	02:34:27.384	159.025	159.028			6
2026.05.20	02:34:27.687	159.026	159.029			6
2026.05.20	02:34:29.484	159.025	159.028			6
2026.05.20	02:34:29.784	159.023	159.026			6
2026.05.20	02:34:30.087	159.024	159.027			6
2026.05.20	02:34:30.689	159.025	159.028			6
2026.05.20	02:34:31.290	159.024				2
2026.05.20	02:34:33.090	159.018	159.022			6
2026.05.20	02:34:33.392		159.021			4
2026.05.20	02:34:34.295	159.017	159.022			6
2026.05.20	02:34:36.102	159.009	159.015			6
2026.05.20	02:34:36.999		159.014			4
2026.05.20	02:34:37.300	159.008				2
2026.05.20	02:34:37.600	158.993	159.001			6
2026.05.20	02:34:38.807	158.995				2
2026.05.20	02:34:39.103	158.993				2
2026.05.20	02:34:40.305	158.994				2
2026.05.20	02:34:41.815	158.995	159.002			6
2026.05.20	02:34:42.413	158.994	159.001			6
2026.05.20	02:34:43.511	158.995				2
2026.05.20	02:34:45.180	159.001	159.006			6
2026.05.20	02:34:45.480	159.002	159.008			6
2026.05.20	02:34:46.086	159.001	159.007			6
2026.05.20	02:34:46.382	159.000	159.006			6
2026.05.20	02:34:46.681	158.996	159.001			6
2026.05.20	02:34:47.759	159.000	159.006			6
2026.05.20	02:34:48.060	158.999				2
2026.05.20	02:34:48.360	159.000	159.007			6
2026.05.20	02:34:48.660	158.999	159.006			6
2026.05.20	02:34:49.260		159.007			4
2026.05.20	02:34:49.560	159.000				2
2026.05.20	02:34:49.860	158.999				2
2026.05.20	02:34:50.529	159.000				2
2026.05.20	02:34:50.829		159.006			4
2026.05.20	02:34:51.130	159.006	159.011			6
2026.05.20	02:34:51.432		159.013			4
2026.05.20	02:34:53.423		159.014			4
2026.05.20	02:34:53.723		159.013			4
2026.05.20	02:34:57.399		159.012			4
2026.05.20	02:34:59.270	159.005				2
2026.05.20	02:35:00.874	159.005				2
2026.05.20	02:35:01.173		159.011			4
2026.05.20	02:35:02.678	158.994	159.000			6
2026.05.20	02:35:03.577	158.992	158.998			6
2026.05.20	02:35:04.177		158.999			4
2026.05.20	02:35:05.078	158.993				2
2026.05.20	02:35:06.021	158.992	158.998			6
2026.05.20	02:35:10.554		158.999			4
2026.05.20	02:35:14.549	158.993				2
2026.05.20	02:35:14.850	158.992				2
2026.05.20	02:35:17.496		158.998			4
2026.05.20	02:35:18.464	158.993				2
2026.05.20	02:35:18.764		158.999			4
2026.05.20	02:35:19.065		159.000			4
2026.05.20	02:35:19.365	158.994				2
2026.05.20	02:35:20.507	158.995				2
2026.05.20	02:35:21.579	158.994				2
2026.05.20	02:35:28.179	158.996	159.002			6
2026.05.20	02:35:30.207	158.998	159.003			6
2026.05.20	02:35:31.408	159.006	159.011			6
2026.05.20	02:35:35.306		159.012			4
2026.05.20	02:35:44.423	159.007	159.013			6
2026.05.20	02:35:44.723		159.014			4
2026.05.20	02:35:46.587	159.008				2
2026.05.20	02:35:47.491	159.007	159.013			6
2026.05.20	02:36:00.207	159.007				2
2026.05.20	02:36:06.680	159.008				2
2026.05.20	02:36:07.282	159.007				2
2026.05.20	02:36:07.582	159.009				2
2026.05.20	02:36:08.483	159.007				2
2026.05.20	02:36:17.822	159.006	159.012			6
2026.05.20	02:36:18.606		159.013			4
2026.05.20	02:36:18.907	159.007				2
2026.05.20	02:36:20.697	159.006	159.012			6
2026.05.20	02:36:21.631	159.007	159.013			6
2026.05.20	02:36:38.255	158.994	158.999			6
2026.05.20	02:36:38.554		159.000			4
2026.05.20	02:36:39.884	158.995				2
2026.05.20	02:36:42.508		159.001			4
2026.05.20	02:36:47.037	158.996				2
2026.05.20	02:36:49.144	159.004	159.009			6
2026.05.20	02:36:49.444		159.010			4
2026.05.20	02:36:51.668		159.011			4
2026.05.20	02:36:52.419		159.010			4
2026.05.20	02:36:52.722	159.007	159.012			6
2026.05.20	02:36:58.248	159.016	159.022			6
2026.05.20	02:37:00.159	159.014	159.021			6
2026.05.20	02:37:00.459		159.020			4
2026.05.20	02:37:01.973	159.015	159.021			6
2026.05.20	02:37:03.791		159.022			4
2026.05.20	02:37:05.713	159.016				2
2026.05.20	02:37:06.431	159.015				2
2026.05.20	02:37:07.033	159.016				2
2026.05.20	02:37:09.053	159.018	159.024			6
2026.05.20	02:37:09.354	159.016	159.023			6
2026.05.20	02:37:10.254		159.021			4
2026.05.20	02:37:12.200		159.022			4
2026.05.20	02:37:13.455		159.021			4
2026.05.20	02:37:15.367	159.015				2
2026.05.20	02:37:16.132	159.006	159.011			6
2026.05.20	02:37:18.976		159.010			4
2026.05.20	02:37:19.276	158.995	159.001			6
2026.05.20	02:37:19.577	158.994	159.000			6
2026.05.20	02:37:20.726		158.999			4
2026.05.20	02:37:21.855		159.000			4
2026.05.20	02:37:50.311	158.992	158.997			6
2026.05.20	02:37:50.613	158.993	158.998			6
2026.05.20	02:37:53.623	158.992				2
2026.05.20	02:37:53.923		158.999			4
2026.05.20	02:37:54.332		158.998			4
2026.05.20	02:37:54.935	158.993	158.999			6
2026.05.20	02:38:00.282	158.993				2
2026.05.20	02:38:07.216	159.005	159.007			6
2026.05.20	02:38:07.517	159.007	159.013			6
2026.05.20	02:38:18.176	159.005	159.011			6
2026.05.20	02:38:19.960		159.010			4
2026.05.20	02:38:20.261	159.004				2
2026.05.20	02:38:20.561		159.011			4
2026.05.20	02:38:23.551		159.010			4
2026.05.20	02:38:23.850	159.005				2
2026.05.20	02:38:26.953	159.006	159.011			6
2026.05.20	02:38:28.155	158.993	158.998			6
2026.05.20	02:38:28.456		158.999			4
2026.05.20	02:38:30.204		158.998			4
2026.05.20	02:38:33.513	158.992				2
2026.05.20	02:38:34.414	158.993				2
2026.05.20	02:38:41.641		158.999			4
2026.05.20	02:38:42.708	158.996	159.001			6
2026.05.20	02:38:43.008		159.002			4
2026.05.20	02:38:45.398	158.995	159.001			6
2026.05.20	02:38:49.879	158.994				2
2026.05.20	02:38:52.477	158.995				2
2026.05.20	02:38:53.477		159.000			4
2026.05.20	02:38:56.883	158.994				2
2026.05.20	02:39:00.075	158.994				2
2026.05.20	02:39:01.377		158.997			4
2026.05.20	02:39:01.678		159.000			4
2026.05.20	02:39:08.029		158.999			4
2026.05.20	02:39:13.710	158.993				2
2026.05.20	02:39:14.010	158.994	159.000			6
2026.05.20	02:39:17.065	158.993				2
2026.05.20	02:39:25.555	158.999	159.004			6
2026.05.20	02:39:25.856	159.002	159.008			6
2026.05.20	02:39:29.280	159.001	159.007			6
2026.05.20	02:39:34.797	159.002	159.008			6
2026.05.20	02:39:35.936		159.009			4
2026.05.20	02:39:36.235	159.003	159.010			6
2026.05.20	02:39:39.202		159.009			4
2026.05.20	02:39:41.907	159.001	159.007			6
2026.05.20	02:39:42.507	159.002	159.008			6
2026.05.20	02:39:46.876		159.010			4
2026.05.20	02:39:48.670	159.003				2
2026.05.20	02:39:59.739	159.004	159.011			6
2026.05.20	02:40:00.039	159.004				2
2026.05.20	02:40:00.639	159.005	159.012			6
2026.05.20	02:40:01.539	159.012	159.019			6
2026.05.20	02:40:02.442		159.018			4
2026.05.20	02:40:05.373	159.013				2
2026.05.20	02:40:05.674	159.012	159.019			6
2026.05.20	02:40:05.975		159.018			4
2026.05.20	02:40:06.876	159.014	159.020			6
2026.05.20	02:40:07.177	159.013				2
2026.05.20	02:40:09.612	159.016	159.022			6
2026.05.20	02:40:17.041	159.015				2
2026.05.20	02:40:26.513	159.016				2
2026.05.20	02:40:40.573	159.015	159.021			6
2026.05.20	02:40:41.176	159.014				2
2026.05.20	02:40:42.173	159.015				2
2026.05.20	02:41:00.214	159.015				2
2026.05.20	02:41:01.716	159.009	159.016			6
2026.05.20	02:41:02.017	159.010				2
2026.05.20	02:41:07.728	159.009				2
2026.05.20	02:41:09.470	159.011	159.017			6
2026.05.20	02:41:16.984	159.010				2
2026.05.20	02:41:17.285	159.011				2
2026.05.20	02:41:28.713	159.012				2
2026.05.20	02:41:40.145		159.018			4
2026.05.20	02:41:42.253		159.017			4
2026.05.20	02:41:57.586	159.008	159.013			6
2026.05.20	02:41:57.885	159.006	159.011			6
2026.05.20	02:42:00.289	159.006				2
2026.05.20	02:42:00.891	159.007	159.012			6
2026.05.20	02:42:15.637	159.008				2
2026.05.20	02:42:20.750	159.009	159.014			6
2026.05.20	02:42:21.050	159.008	159.013			6
2026.05.20	02:42:21.351		159.012			4
2026.05.20	02:42:40.907	159.006	159.010			6
2026.05.20	02:42:42.409	159.007	159.011			6
2026.05.20	02:42:44.214	159.006	159.010			6
2026.05.20	02:42:45.115	159.007				2
2026.05.20	02:42:48.722	159.006	159.009			6
2026.05.20	02:42:57.435	159.007	159.010			6
2026.05.20	02:42:57.735	159.006	159.009			6
2026.05.20	02:43:00.139	159.006				2
2026.05.20	02:43:07.350	159.007				2
2026.05.20	02:43:08.553	159.006	159.008			6
2026.05.20	02:43:13.062	159.007	159.009			6
2026.05.20	02:43:28.094		159.008			4
2026.05.20	02:43:28.996	159.008	159.009			6
2026.05.20	02:43:29.296	159.007	159.008			6
2026.05.20	02:43:54.546	159.008	159.009			6
2026.05.20	02:43:57.251	159.007	159.008			6
2026.05.20	02:44:00.255	159.007				2
2026.05.20	02:44:00.556	159.008	159.009			6
2026.05.20	02:44:06.269	159.007	159.008			6
2026.05.20	02:44:25.508	159.008	159.009			6
2026.05.20	02:44:26.710	159.007	159.008			6
2026.05.20	02:44:39.344	159.008	159.009			6
2026.05.20	02:44:39.645	159.009	159.010			6
2026.05.20	02:44:45.058	159.008	159.009			6
2026.05.20	02:44:45.358	159.007	159.008			6
2026.05.20	02:44:47.162	159.004	159.005			6
2026.05.20	02:44:47.462	159.005	159.006			6
2026.05.20	02:44:48.364	159.004	159.005			6
2026.05.20	02:44:49.571	159.005	159.006			6
2026.05.20	02:44:54.082	159.004	159.005			6
2026.05.20	02:44:56.485	159.005	159.006			6
2026.05.20	02:44:57.085	159.004	159.005			6
2026.05.20	02:45:00.089	159.004				2
2026.05.20	02:45:00.390	159.005	159.006			6
2026.05.20	02:45:01.592	159.008	159.009			6
2026.05.20	02:45:01.891	159.007	159.008			6
2026.05.20	02:45:02.193	159.006	159.007			6
2026.05.20	02:45:02.495	159.008	159.009			6
2026.05.20	02:45:03.096	159.006	159.007			6
2026.05.20	02:45:03.397	159.007	159.008			6
2026.05.20	02:45:04.297	159.006	159.007			6
2026.05.20	02:45:04.597	159.007	159.008			6
2026.05.20	02:45:04.898	159.008	159.009			6
2026.05.20	02:45:06.098	159.007	159.008			6
2026.05.20	02:45:07.000	159.009	159.010			6
2026.05.20	02:45:07.602	159.008	159.009			6
2026.05.20	02:45:08.202	159.007	159.008			6
2026.05.20	02:45:14.222	159.008	159.009			6
2026.05.20	02:45:16.329	159.007	159.008			6
2026.05.20	02:45:16.627	159.008	159.009			6
2026.05.20	02:45:19.328	159.007	159.008			6
2026.05.20	02:45:19.628	159.008	159.009			6
2026.05.20	02:45:23.233	159.007	159.008			6
2026.05.20	02:45:23.534	159.008	159.009			6
2026.05.20	02:45:25.935	159.007	159.008			6
2026.05.20	02:45:35.861	159.008	159.009			6
2026.05.20	02:45:36.162	159.007	159.008			6
2026.05.20	02:45:42.780	159.006	159.007			6
2026.05.20	02:45:46.083	159.007	159.008			6
2026.05.20	02:45:46.384	159.008	159.009			6
2026.05.20	02:45:49.089	159.006	159.007			6
2026.05.20	02:45:50.291	159.007	159.008			6
2026.05.20	02:45:52.396	159.006	159.007			6
2026.05.20	02:45:52.696	159.007	159.008			6
2026.05.20	02:45:53.296	159.006	159.007			6
2026.05.20	02:45:53.597	159.007	159.008			6
2026.05.20	02:45:53.897	159.006	159.007			6
2026.05.20	02:45:54.198	159.008	159.009			6
2026.05.20	02:45:54.801	159.007	159.008			6
2026.05.20	02:45:57.206	159.006	159.007			6
2026.05.20	02:46:00.210	159.006				2
2026.05.20	02:46:02.619	159.007	159.008			6
2026.05.20	02:46:02.917	159.006	159.007			6
2026.05.20	02:46:03.819	159.007	159.008			6
2026.05.20	02:46:05.020	159.006	159.007			6
2026.05.20	02:46:17.050	159.007	159.008			6
2026.05.20	02:46:17.950	159.006	159.007			6
2026.05.20	02:46:24.559	159.007	159.008			6
2026.05.20	02:46:24.861	159.006	159.007			6
2026.05.20	02:46:26.967	159.007	159.008			6
2026.05.20	02:46:27.268	159.006	159.007			6
2026.05.20	02:46:28.168	159.007	159.008			6
2026.05.20	02:46:28.469	159.006	159.007			6
2026.05.20	02:46:29.676	159.007	159.008			6
2026.05.20	02:46:29.977	159.006	159.007			6
2026.05.20	02:46:30.877	159.007	159.008			6
2026.05.20	02:46:31.178	159.006	159.007			6
2026.05.20	02:46:33.280	159.007	159.008			6
2026.05.20	02:46:34.181	159.009	159.010			6
2026.05.20	02:46:34.481	159.010	159.011			6
2026.05.20	02:46:35.682	159.007	159.008			6
2026.05.20	02:46:35.982	159.008	159.009			6
2026.05.20	02:46:36.882	159.007	159.008			6
2026.05.20	02:46:37.484	159.006	159.007			6
2026.05.20	02:46:37.784	159.007	159.008			6
2026.05.20	02:46:38.685	159.006	159.007			6
2026.05.20	02:46:38.985	159.007	159.008			6
2026.05.20	02:46:40.786	159.006	159.007			6
2026.05.20	02:46:44.091	159.007	159.008			6
2026.05.20	02:46:44.992	159.008	159.009			6
2026.05.20	02:46:45.592	159.007	159.008			6
2026.05.20	02:46:45.892	159.008	159.009			6
2026.05.20	02:46:47.093	159.007	159.008			6
2026.05.20	02:46:49.796	159.006	159.007			6
2026.05.20	02:46:50.700	159.007	159.008			6
2026.05.20	02:46:51.000	159.006	159.007			6
2026.05.20	02:46:51.600	159.007	159.008			6
2026.05.20	02:46:52.201	159.006	159.007			6
2026.05.20	02:46:53.103	159.007	159.008			6
2026.05.20	02:46:54.607	159.006	159.007			6
2026.05.20	02:46:56.708	159.007	159.008			6
2026.05.20	02:47:00.016	159.007				2
2026.05.20	02:47:00.317	159.006	159.007			6
2026.05.20	02:47:00.617	159.007	159.008			6
2026.05.20	02:47:01.521	159.008	159.009			6
2026.05.20	02:47:01.821	159.009	159.010			6
2026.05.20	02:47:02.122	159.008	159.009			6
2026.05.20	02:47:02.722	159.009	159.010			6
2026.05.20	02:47:04.526	159.008	159.009			6
2026.05.20	02:47:04.826	159.009	159.010			6
2026.05.20	02:47:05.125	159.008	159.009			6
2026.05.20	02:47:06.330	159.007	159.008			6
2026.05.20	02:47:06.932	159.008	159.009			6
2026.05.20	02:47:08.434	159.017	159.018			6
2026.05.20	02:47:08.734	159.016	159.017			6
2026.05.20	02:47:09.335	159.014	159.015			6
2026.05.20	02:47:09.635	159.015	159.016			6
2026.05.20	02:47:09.935	159.016	159.017			6
2026.05.20	02:47:10.234	159.015	159.016			6
2026.05.20	02:47:10.536	159.016	159.017			6
2026.05.20	02:47:13.538	159.015	159.016			6
2026.05.20	02:47:13.839	159.016	159.017			6
2026.05.20	02:47:20.459	159.017	159.018			6
2026.05.20	02:47:29.481	159.016	159.017			6
2026.05.20	02:47:29.781	159.017	159.018			6
2026.05.20	02:47:35.189	159.016	159.017			6
2026.05.20	02:47:35.490	159.017	159.018			6
2026.05.20	02:47:35.793	159.019	159.020			6
2026.05.20	02:47:36.395	159.017	159.018			6
2026.05.20	02:47:42.703	159.016	159.017			6
2026.05.20	02:47:50.219	159.017	159.018			6
2026.05.20	02:47:55.025	159.018	159.019			6
2026.05.20	02:47:55.926	159.016	159.017			6
2026.05.20	02:47:58.941	159.015	159.016			6
2026.05.20	02:48:00.145	159.015				2
2026.05.20	02:48:03.145	159.017	159.018			6
2026.05.20	02:48:03.445	159.016	159.017			6
2026.05.20	02:48:03.745	159.019	159.020			6
2026.05.20	02:48:04.348	159.020	159.021			6
2026.05.20	02:48:04.948	159.019	159.020			6
2026.05.20	02:48:05.249	159.020	159.021			6
2026.05.20	02:48:07.655	159.019	159.020			6
2026.05.20	02:48:14.262	159.020	159.021			6
2026.05.20	02:48:14.562	159.019	159.020			6
2026.05.20	02:48:17.267	159.015	159.016			6
2026.05.20	02:48:17.867	159.016	159.017			6
2026.05.20	02:48:18.469	159.015	159.016			6
2026.05.20	02:48:19.070	159.016	159.017			6
2026.05.20	02:48:23.282	159.017	159.018			6
2026.05.20	02:48:25.687	159.018	159.019			6
2026.05.20	02:48:27.793	159.017	159.018			6
2026.05.20	02:48:30.198	159.015	159.016			6
2026.05.20	02:48:30.498	159.014	159.015			6
2026.05.20	02:48:30.802	159.015	159.016			6
2026.05.20	02:48:31.105	159.014	159.015			6
2026.05.20	02:48:34.710	159.018	159.019			6
2026.05.20	02:48:35.011	159.017	159.018			6
2026.05.20	02:48:38.625	159.018	159.019			6
2026.05.20	02:48:39.225	159.016	159.017			6
2026.05.20	02:48:39.826	159.018	159.019			6
2026.05.20	02:48:40.426	159.017	159.018			6
2026.05.20	02:48:45.835	159.018	159.019			6
2026.05.20	02:48:47.637	159.017	159.018			6
2026.05.20	02:48:53.050	159.018	159.019			6
2026.05.20	02:48:58.160	159.016	159.017			6
2026.05.20	02:48:58.760	159.017	159.018			6
2026.05.20	02:49:00.267	159.016	159.017			6
2026.05.20	02:49:02.374	159.017	159.018			6
2026.05.20	02:49:04.478	159.016	159.017			6
2026.05.20	02:49:04.777	159.017	159.018			6
2026.05.20	02:49:05.080	159.018	159.019			6
2026.05.20	02:49:10.492	159.017	159.018			6
2026.05.20	02:49:10.792	159.018	159.019			6
2026.05.20	02:49:12.297	159.017	159.018			6
2026.05.20	02:49:13.196	159.018	159.019			6
2026.05.20	02:49:13.496	159.017	159.018			6
2026.05.20	02:49:18.906	159.018	159.019			6
2026.05.20	02:49:22.814	159.019	159.020			6
2026.05.20	02:49:23.114	159.018	159.019			6
2026.05.20	02:49:24.320	159.017	159.018			6
2026.05.20	02:49:27.627	159.019	159.020			6
2026.05.20	02:49:28.227	159.017	159.018			6
2026.05.20	02:49:28.527	159.018	159.019			6
2026.05.20	02:49:30.634	159.017	159.018			6
2026.05.20	02:49:31.235	159.018	159.019			6
2026.05.20	02:49:31.535	159.019	159.020			6
2026.05.20	02:49:31.835	159.020	159.021			6
2026.05.20	02:49:33.040	159.018	159.019			6
2026.05.20	02:49:37.250	159.019	159.020			6
2026.05.20	02:49:37.549	159.020	159.021			6
2026.05.20	02:49:38.450	159.019	159.020			6
2026.05.20	02:49:39.350	159.020	159.021			6
2026.05.20	02:49:39.650	159.019	159.020			6
2026.05.20	02:49:40.851	159.018	159.019			6
2026.05.20	02:49:42.656	159.019	159.020			6
2026.05.20	02:49:43.260	159.018	159.019			6
2026.05.20	02:49:43.860	159.019	159.020			6
2026.05.20	02:49:44.160	159.018	159.019			6
2026.05.20	02:49:44.461	159.020	159.021			6
2026.05.20	02:49:45.964	159.017	159.018			6
2026.05.20	02:49:46.266	159.016	159.017			6
2026.05.20	02:49:46.567	159.015	159.016			6
2026.05.20	02:49:47.168	159.014	159.015			6
2026.05.20	02:49:47.769	159.015	159.016			6
2026.05.20	02:49:48.674	159.014	159.015			6
2026.05.20	02:49:48.976	159.015	159.016			6
2026.05.20	02:49:57.990	159.016	159.017			6
2026.05.20	02:50:00.100	159.016				2
2026.05.20	02:50:00.400	159.015	159.016			6
2026.05.20	02:50:00.705	159.016	159.017			6
2026.05.20	02:50:01.306	159.017	159.018			6
2026.05.20	02:50:01.606	159.020	159.021			6
2026.05.20	02:50:01.907	159.019	159.020			6
2026.05.20	02:50:02.207	159.020	159.021			6
2026.05.20	02:50:02.810	159.019	159.020			6
2026.05.20	02:50:03.110	159.020	159.021			6
2026.05.20	02:50:03.411	159.019	159.020			6
2026.05.20	02:50:04.614	159.020	159.021			6
2026.05.20	02:50:10.027	159.019	159.020			6
2026.05.20	02:50:10.932	159.020	159.021			6
2026.05.20	02:50:12.133	159.019	159.020			6
2026.05.20	02:50:16.340	159.020	159.021			6
2026.05.20	02:50:17.242	159.019	159.020			6
2026.05.20	02:50:21.150	159.020	159.021			6
2026.05.20	02:50:24.160	159.024	159.025			6
2026.05.20	02:50:24.459	159.019	159.020			6
2026.05.20	02:50:25.360	159.020	159.021			6
2026.05.20	02:50:26.864	159.019	159.020			6
2026.05.20	02:50:27.464	159.018	159.019			6
2026.05.20	02:50:28.070	159.017	159.018			6
2026.05.20	02:50:28.371	159.018	159.019			6
2026.05.20	02:50:32.883	159.019	159.020			6
2026.05.20	02:50:33.184	159.018	159.019			6
2026.05.20	02:50:33.785	159.019	159.020			6
2026.05.20	02:50:35.587	159.018	159.019			6
2026.05.20	02:50:36.788	159.019	159.020			6
2026.05.20	02:50:38.590	159.018	159.019			6
2026.05.20	02:50:38.890	159.017	159.018			6
2026.05.20	02:50:41.895	159.015	159.016			6
2026.05.20	02:50:43.697	159.013	159.014			6
2026.05.20	02:50:45.804	159.014	159.015			6
2026.05.20	02:50:48.510	159.015	159.016			6
2026.05.20	02:50:48.810	159.012	159.013			6
2026.05.20	02:50:49.109	159.016	159.017			6
2026.05.20	02:50:50.312	159.017	159.018			6
2026.05.20	02:50:50.913	159.018	159.019			6
2026.05.20	02:50:51.514	159.016	159.017			6
2026.05.20	02:50:52.114	159.015	159.016			6
2026.05.20	02:50:52.415	159.016	159.017			6
2026.05.20	02:50:56.027	159.015	159.016			6
2026.05.20	02:50:56.628	159.016	159.017			6
2026.05.20	02:50:57.229	159.015	159.016			6
2026.05.20	02:50:57.529	159.016	159.017			6
2026.05.20	02:50:57.829	159.015	159.016			6
2026.05.20	02:50:58.129	159.016	159.017			6
2026.05.20	02:51:00.236	159.016				2
2026.05.20	02:51:01.440	159.015	159.016			6
2026.05.20	02:51:01.741	159.016	159.017			6
2026.05.20	02:51:02.345	159.015	159.016			6
2026.05.20	02:51:04.150	159.016	159.017			6
2026.05.20	02:51:05.352	159.015	159.016			6
2026.05.20	02:51:05.652	159.016	159.017			6
2026.05.20	02:51:05.951	159.015	159.016			6
2026.05.20	02:51:06.254	159.016	159.017			6
2026.05.20	02:51:07.159	159.015	159.016			6
2026.05.20	02:51:09.261	159.014	159.015			6
2026.05.20	02:51:13.777	159.015	159.016			6
2026.05.20	02:51:14.078	159.014	159.015			6
2026.05.20	02:51:14.378	159.015	159.016			6
2026.05.20	02:51:15.278	159.014	159.015			6
2026.05.20	02:51:16.178	159.010	159.011			6
2026.05.20	02:51:16.479	159.008	159.009			6
2026.05.20	02:51:20.383	159.009	159.010			6
2026.05.20	02:51:21.884	159.007	159.008			6
2026.05.20	02:51:26.993	159.006	159.007			6
2026.05.20	02:51:27.295	159.007	159.008			6
2026.05.20	02:51:27.596	159.008	159.009			6
2026.05.20	02:51:27.895	159.009	159.010			6
2026.05.20	02:51:29.999	159.008	159.009			6
2026.05.20	02:51:30.604	159.007	159.008			6
2026.05.20	02:51:34.809	159.006	159.007			6
2026.05.20	02:51:36.009	159.005	159.006			6
2026.05.20	02:51:36.614	159.006	159.007			6
2026.05.20	02:51:37.215	159.005	159.006			6
2026.05.20	02:51:37.815	159.006	159.007			6
2026.05.20	02:51:38.415	159.005	159.006			6
2026.05.20	02:51:38.715	159.007	159.008			6
2026.05.20	02:51:39.016	159.006	159.007			6
2026.05.20	02:51:39.917	159.007	159.008			6
2026.05.20	02:51:40.519	159.006	159.007			6
2026.05.20	02:51:41.722	159.007	159.008			6
2026.05.20	02:51:42.022	159.006	159.007			6
2026.05.20	02:51:47.435	159.007	159.008			6
2026.05.20	02:51:49.847	159.006	159.007			6
2026.05.20	02:51:50.148	159.007	159.008			6
2026.05.20	02:51:50.750	159.006	159.007			6
2026.05.20	02:51:53.158	159.008	159.009			6
2026.05.20	02:51:54.662	159.007	159.008			6
2026.05.20	02:51:55.263	159.006	159.007			6
2026.05.20	02:51:55.864	159.007	159.008			6
2026.05.20	02:52:00.078	159.007				2
2026.05.20	02:52:00.378	159.006	159.007			6
2026.05.20	02:52:03.085	159.007	159.008			6
2026.05.20	02:52:03.385	159.008	159.009			6
2026.05.20	02:52:03.685	159.007	159.008			6
2026.05.20	02:52:05.488	159.008	159.009			6
2026.05.20	02:52:05.789	159.007	159.008			6
2026.05.20	02:52:08.496	159.009	159.010			6
2026.05.20	02:52:10.299	159.010	159.011			6
2026.05.20	02:52:10.904	159.009	159.010			6
2026.05.20	02:52:13.613	159.008	159.009			6
2026.05.20	02:52:14.814	159.009	159.010			6
2026.05.20	02:52:15.114	159.007	159.008			6
2026.05.20	02:52:15.715	159.009	159.010			6
2026.05.20	02:52:16.017	159.008	159.009			6
2026.05.20	02:52:16.618	159.007	159.008			6
2026.05.20	02:52:18.726	159.008	159.009			6
2026.05.20	02:52:19.629	159.007	159.008			6
2026.05.20	02:52:34.060	159.006	159.007			6
2026.05.20	02:52:34.360	159.008	159.009			6
2026.05.20	02:52:35.266	159.007	159.008			6
2026.05.20	02:52:36.468	159.008	159.009			6
2026.05.20	02:52:36.769	159.006	159.007			6
2026.05.20	02:52:37.073	159.007	159.008			6
2026.05.20	02:52:38.577	159.008	159.009			6
2026.05.20	02:52:38.877	159.007	159.008			6
2026.05.20	02:52:39.779	159.008	159.009			6
2026.05.20	02:52:40.080	159.007	159.008			6
2026.05.20	02:52:44.883	159.008	159.009			6
2026.05.20	02:52:55.401	159.007	159.008			6
2026.05.20	02:53:00.214	159.007				2
2026.05.20	02:53:00.815	159.008	159.009			6
2026.05.20	02:53:02.922	159.006	159.007			6
2026.05.20	02:53:09.237	159.008	159.009			6
2026.05.20	02:53:09.839	159.006	159.007			6
2026.05.20	02:53:15.552	159.007	159.008			6
2026.05.20	02:53:16.755	159.006	159.007			6
2026.05.20	02:53:17.360	159.007	159.008			6
2026.05.20	02:53:22.171	159.006	159.007			6
2026.05.20	02:53:26.378	159.007	159.008			6
2026.05.20	02:53:29.380	159.008	159.009			6
2026.05.20	02:53:31.782	159.007	159.008			6
2026.05.20	02:53:34.488	159.008	159.009			6
2026.05.20	02:53:36.296	159.009	159.010			6
2026.05.20	02:53:36.597	159.008	159.009			6
2026.05.20	02:53:37.804	159.009	159.010			6
2026.05.20	02:53:38.407	159.008	159.009			6
2026.05.20	02:53:39.314	159.009	159.010			6
2026.05.20	02:53:45.624	159.008	159.009			6
2026.05.20	02:53:46.525	159.009	159.010			6
2026.05.20	02:53:48.930	159.008	159.009			6
2026.05.20	02:53:50.430	159.009	159.010			6
2026.05.20	02:53:52.835	159.008	159.009			6
2026.05.20	02:53:53.436	159.017	159.018			6
2026.05.20	02:53:53.738	159.018	159.019			6
2026.05.20	02:53:54.038	159.019	159.020			6
2026.05.20	02:53:54.342	159.018	159.019			6
2026.05.20	02:53:55.245	159.019	159.020			6
2026.05.20	02:53:57.046	159.018	159.019			6
2026.05.20	02:54:00.056	159.018				2
2026.05.20	02:54:00.657	159.020	159.021			6
2026.05.20	02:54:00.958	159.021	159.022			6
2026.05.20	02:54:01.256	159.020	159.021			6
2026.05.20	02:54:01.557	159.019	159.020			6
2026.05.20	02:54:06.070	159.018	159.019			6
2026.05.20	02:54:10.883	159.019	159.020			6
2026.05.20	02:54:18.391	159.018	159.019			6
2026.05.20	02:54:23.810	159.020	159.021			6
2026.05.20	02:54:24.111	159.019	159.020			6
2026.05.20	02:54:30.123	159.018	159.019			6
2026.05.20	02:54:43.659	159.017	159.018			6
2026.05.20	02:54:43.959	159.018	159.019			6
2026.05.20	02:54:46.961	159.017	159.018			6
2026.05.20	02:54:47.262	159.018	159.019			6
2026.05.20	02:54:48.464	159.019	159.020			6
2026.05.20	02:54:51.170	159.021	159.022			6
2026.05.20	02:54:51.470	159.018	159.019			6
2026.05.20	02:54:52.071	159.020	159.021			6
2026.05.20	02:54:52.971	159.019	159.020			6
2026.05.20	02:54:55.373	159.020	159.021			6
2026.05.20	02:54:55.673	159.022	159.023			6
2026.05.20	02:54:59.283	159.020	159.021			6
2026.05.20	02:55:00.185	159.020				2
2026.05.20	02:55:09.506	159.019	159.020			6
2026.05.20	02:55:10.408	159.020	159.021			6
2026.05.20	02:55:14.313	159.021	159.022			6
2026.05.20	02:55:14.614	159.023	159.024			6
2026.05.20	02:55:14.914	159.029	159.030			6
2026.05.20	02:55:15.214	159.030	159.031			6
2026.05.20	02:55:15.814	159.032	159.033			6
2026.05.20	02:55:16.116	159.031	159.032			6
2026.05.20	02:55:16.416	159.032	159.033			6
2026.05.20	02:55:18.218	159.031	159.032			6
2026.05.20	02:55:19.426	159.032	159.033			6
2026.05.20	02:55:20.027	159.031	159.032			6
2026.05.20	02:55:20.627	159.030	159.031			6
2026.05.20	02:55:24.536	159.031	159.032			6
2026.05.20	02:55:28.748	159.030	159.031			6
2026.05.20	02:55:30.852	159.031	159.032			6
2026.05.20	02:55:43.175	159.032	159.033			6
2026.05.20	02:55:44.375	159.031	159.032			6
2026.05.20	02:55:44.676	159.032	159.033			6
2026.05.20	02:55:49.482	159.031	159.032			6
2026.05.20	02:55:49.782	159.029	159.030			6
2026.05.20	02:55:50.383	159.030	159.031			6
2026.05.20	02:55:53.688	159.029	159.030			6
2026.05.20	02:55:55.790	159.031	159.032			6
2026.05.20	02:55:56.390	159.030	159.031			6
2026.05.20	02:55:57.295	159.021	159.022			6
2026.05.20	02:55:58.496	159.020	159.021			6
2026.05.20	02:56:00.004	159.020				2
2026.05.20	02:56:01.506	159.019	159.020			6
2026.05.20	02:56:01.807	159.020	159.021			6
2026.05.20	02:56:03.009	159.019	159.020			6
2026.05.20	02:56:03.909	159.020	159.021			6
2026.05.20	02:56:07.516	159.019	159.020			6
2026.05.20	02:56:11.427	159.020	159.021			6
2026.05.20	02:56:16.242	159.018	159.019			6
2026.05.20	02:56:16.844	159.019	159.020			6
2026.05.20	02:56:17.744	159.018	159.019			6
2026.05.20	02:56:18.344	159.017	159.018			6
2026.05.20	02:56:21.951	159.018	159.019			6
2026.05.20	02:56:22.251	159.019	159.020			6
2026.05.20	02:56:22.852	159.018	159.019			6
2026.05.20	02:56:23.152	159.019	159.020			6
2026.05.20	02:56:28.562	159.018	159.019			6
2026.05.20	02:56:37.887	159.019	159.020			6
2026.05.20	02:56:38.492	159.020	159.021			6
2026.05.20	02:56:39.392	159.019	159.020			6
2026.05.20	02:56:39.993	159.020	159.021			6
2026.05.20	02:56:40.294	159.019	159.020			6
2026.05.20	02:57:00.132	159.019				2
2026.05.20	02:57:01.036	159.020	159.021			6
2026.05.20	02:57:02.844	159.019	159.020			6
2026.05.20	02:57:12.460	159.020	159.021			6
2026.05.20	02:57:18.473	159.018	159.019			6
2026.05.20	02:57:18.773	159.017	159.018			6
2026.05.20	02:57:19.073	159.018	159.019			6
2026.05.20	02:57:20.877	159.019	159.020			6
2026.05.20	02:57:31.396	159.018	159.019			6
2026.05.20	02:57:33.203	159.020	159.021			6
2026.05.20	02:57:34.103	159.021	159.022			6
2026.05.20	02:57:34.704	159.020	159.021			6
2026.05.20	02:57:35.607	159.021	159.022			6
2026.05.20	02:57:35.910	159.020	159.021			6
2026.05.20	02:57:36.211	159.019	159.020			6
2026.05.20	02:57:37.113	159.020	159.021			6
2026.05.20	02:57:38.016	159.028	159.029			6
2026.05.20	02:57:38.316	159.024	159.025			6
2026.05.20	02:57:39.218	159.023	159.024			6
2026.05.20	02:57:41.026	159.022	159.023			6
2026.05.20	02:57:44.037	159.023	159.024			6
2026.05.20	02:57:49.455	159.024	159.025			6
2026.05.20	02:57:49.756	159.025	159.026			6
2026.05.20	02:57:50.357	159.026	159.027			6
2026.05.20	02:57:50.657	159.025	159.026			6
2026.05.20	02:57:52.459	159.026	159.027			6
2026.05.20	02:57:53.060	159.025	159.026			6
2026.05.20	02:57:54.864	159.026	159.027			6
2026.05.20	02:57:57.569	159.027	159.028			6
2026.05.20	02:57:59.377	159.026	159.027			6
2026.05.20	02:58:00.280	159.026				2
2026.05.20	02:58:00.583	159.028	159.029			6
2026.05.20	02:58:00.883	159.027	159.028			6
2026.05.20	02:58:01.184	159.028	159.029			6
2026.05.20	02:58:02.385	159.027	159.028			6
2026.05.20	02:58:02.985	159.026	159.027			6
2026.05.20	02:58:06.292	159.027	159.028			6
2026.05.20	02:58:07.494	159.030	159.031			6
2026.05.20	02:58:07.797	159.031	159.032			6
2026.05.20	02:58:10.197	159.032	159.033			6
2026.05.20	02:58:16.821	159.034	159.035			6
2026.05.20	02:58:17.122	159.035	159.036			6
2026.05.20	02:58:28.850	159.037	159.038			6
2026.05.20	02:58:29.151	159.036	159.037			6
2026.05.20	02:58:30.353	159.037	159.038			6
2026.05.20	02:58:30.653	159.038	159.039			6
2026.05.20	02:58:31.253	159.037	159.038			6
2026.05.20	02:58:31.554	159.038	159.039			6
2026.05.20	02:58:32.155	159.037	159.038			6
2026.05.20	02:58:32.455	159.038	159.039			6
2026.05.20	02:58:33.957	159.037	159.038			6
2026.05.20	02:58:34.256	159.038	159.039			6
2026.05.20	02:58:34.559	159.041	159.042			6
2026.05.20	02:58:34.860	159.042	159.043			6
2026.05.20	02:58:36.060	159.037	159.038			6
2026.05.20	02:58:36.361	159.036	159.037			6
2026.05.20	02:58:36.661	159.037	159.038			6
2026.05.20	02:58:36.961	159.047	159.048			6
2026.05.20	02:58:37.261	159.049	159.050			6
2026.05.20	02:58:37.564	159.048	159.049			6
2026.05.20	02:58:38.164	159.047	159.048			6
2026.05.20	02:58:40.575	159.048	159.049			6
2026.05.20	02:58:40.875	159.049	159.050			6
2026.05.20	02:58:42.978	159.050	159.051			6
2026.05.20	02:58:44.480	159.048	159.049			6
2026.05.20	02:58:45.381	159.055	159.056			6
2026.05.20	02:58:45.681	159.056	159.057			6
2026.05.20	02:58:45.982	159.057	159.058			6
2026.05.20	02:58:46.282	159.055	159.059			6
2026.05.20	02:58:46.882	159.053	159.058			6
2026.05.20	02:58:48.084	159.052	159.057			6
2026.05.20	02:58:50.186	159.051	159.056			6
2026.05.20	02:58:52.290	159.052				2
2026.05.20	02:58:53.796	159.053				2
2026.05.20	02:58:54.097	159.054	159.058			6
2026.05.20	02:58:55.598		159.059			4
2026.05.20	02:58:55.899	159.050	159.053			6
2026.05.20	02:58:56.199		159.052			4
2026.05.20	02:58:56.500	159.047	159.051			6
2026.05.20	02:58:57.104	159.046				2
2026.05.20	02:58:57.707		159.052			4
