<DATE>	<TIME>	<BID>	<ASK>	<LAST>	<VOLUME>	<FLAGS>
2026.01.12	00:03:31.137	158.086	158.153			6
2026.01.12	00:03:37.480	158.084	158.152			6
2026.01.12	00:03:40.533		158.151			4
2026.01.12	00:03:52.621	158.036	158.147			6
2026.01.12	00:04:00.371	158.034	158.122			6
2026.01.12	00:04:07.404	158.032	158.120			6
2026.01.12	00:04:21.720	158.033				2
2026.01.12	00:04:25.404	158.032				2
2026.01.12	00:04:26.021	158.033				2
2026.01.12	00:05:01.167	158.033	158.111			6
2026.01.12	00:05:02.083		158.115			4
2026.01.12	00:05:03.006		158.111			4
2026.01.12	00:05:11.963	158.036	158.118			6
2026.01.12	00:05:12.577		158.117			4
2026.01.12	00:05:12.880	158.027	158.103			6
2026.01.12	00:05:13.805	158.081	158.136			6
2026.01.12	00:05:14.333	158.077				2
2026.01.12	00:05:14.922		158.137			4
2026.01.12	00:05:15.709	158.073				2
2026.01.12	00:05:20.226	158.076				2
2026.01.12	00:05:23.092	158.077	158.151			6
2026.01.12	00:05:38.949	158.075	158.150			6
2026.01.12	00:05:52.956	158.080	158.153			6
2026.01.12	00:05:55.297	158.082	158.154			6
2026.01.12	00:06:10.528	158.082				2
2026.01.12	00:06:11.167		158.155			4
2026.01.12	00:06:34.869	158.080	158.153			6
2026.01.12	00:06:52.590		158.152			4
2026.01.12	00:07:02.360	158.080				2
2026.01.12	00:07:06.261	158.065	158.133			6
2026.01.12	00:07:06.758	158.063	158.131			6
2026.01.12	00:07:12.756		158.129			4
2026.01.12	00:07:15.328	158.034	158.111			6
2026.01.12	00:07:32.920		158.103			4
2026.01.12	00:08:00.528	158.033	158.104			6
2026.01.12	00:08:21.383	158.034				2
2026.01.12	00:08:42.074	158.038	158.111			6
2026.01.12	00:08:54.845		158.107			4
2026.01.12	00:09:16.755	158.038	158.108			6
2026.01.12	00:09:37.077	158.035				2
2026.01.12	00:09:42.074		158.109			4
2026.01.12	00:10:00.313	158.035				2
2026.01.12	00:10:01.108		158.106			4
2026.01.12	00:10:04.184		158.105			4
2026.01.12	00:10:04.991		158.106			4
2026.01.12	00:10:12.415		158.102			4
2026.01.12	00:10:28.692	158.038				2
2026.01.12	00:10:37.954	158.031	158.101			6
2026.01.12	00:10:47.929	158.030				2
2026.01.12	00:10:55.666	158.028	158.094			6
2026.01.12	00:11:00.530	158.028				2
2026.01.12	00:11:00.958	158.026	158.093			6
2026.01.12	00:11:58.857	158.001	158.081			6
2026.01.12	00:12:00.093	158.001				2
2026.01.12	00:12:12.792	158.000				2
2026.01.12	00:12:14.339		158.080			4
2026.01.12	00:12:23.327	157.999				2
2026.01.12	00:12:36.932	157.998				2
2026.01.12	00:12:38.169		158.079			4
2026.01.12	00:12:40.640	157.993	158.072			6
2026.01.12	00:12:41.562		158.071			4
2026.01.12	00:12:44.027		158.070			4
2026.01.12	00:12:48.041		158.069			4
2026.01.12	00:12:51.451	157.992				2
2026.01.12	00:12:58.580		158.068			4
2026.01.12	00:13:00.117	157.992				2
2026.01.12	00:13:02.284		158.070			4
2026.01.12	00:13:03.517		158.069			4
2026.01.12	00:13:09.392	157.993	158.072			6
2026.01.12	00:13:09.700		158.073			4
2026.01.12	00:13:13.100	157.989	158.070			6
2026.01.12	00:13:17.474		158.068			4
2026.01.12	00:13:58.941	157.992	158.073			6
2026.01.12	00:13:59.645		158.072			4
2026.01.12	00:14:00.267	157.992				2
2026.01.12	00:14:04.592	157.995				2
2026.01.12	00:14:11.704		158.071			4
2026.01.12	00:14:16.951	157.991	158.065			6
2026.01.12	00:14:20.529	157.992				2
2026.01.12	00:14:39.601	157.984	158.061			6
2026.01.12	00:14:47.005		158.058			4
2026.01.12	00:15:00.191	157.984				2
2026.01.12	00:15:02.846	157.986	158.060			6
2026.01.12	00:15:03.786	157.985				2
2026.01.12	00:15:04.727		158.061			4
2026.01.12	00:15:07.149		158.060			4
2026.01.12	00:15:08.699		158.061			4
2026.01.12	00:15:10.045		158.060			4
2026.01.12	00:15:14.374		158.059			4
2026.01.12	00:15:38.840	157.983	158.054			6
2026.01.12	00:15:42.034	157.982				2
2026.01.12	00:15:57.961	157.985	158.059			6
2026.01.12	00:16:00.125	157.985				2
2026.01.12	00:16:07.243		158.058			4
2026.01.12	00:16:09.728		158.059			4
2026.01.12	00:16:16.851		158.058			4
2026.01.12	00:16:31.076		158.059			4
2026.01.12	00:16:31.387		158.058			4
2026.01.12	00:16:36.341		158.060			4
2026.01.12	00:16:39.438	157.988	158.061			6
2026.01.12	00:17:00.531	157.988				2
2026.01.12	00:17:20.533	157.989				2
2026.01.12	00:17:39.572		158.061			4
2026.01.12	00:17:48.475	157.999	158.081			6
2026.01.12	00:17:58.829	157.998				2
2026.01.12	00:18:00.405	157.999				2
2026.01.12	00:18:04.990	157.998				2
2026.01.12	00:18:11.171	157.997				2
2026.01.12	00:18:11.748		158.080			4
2026.01.12	00:18:13.292		158.081			4
2026.01.12	00:18:17.949		158.079			4
2026.01.12	00:18:21.350		158.080			4
2026.01.12	00:18:21.657		158.079			4
2026.01.12	00:18:22.275	157.996				2
2026.01.12	00:18:22.594		158.078			4
2026.01.12	00:18:25.690		158.076			4
2026.01.12	00:18:27.239		158.077			4
2026.01.12	00:18:27.545		158.078			4
2026.01.12	00:18:30.334		158.077			4
2026.01.12	00:18:31.564	157.995				2
2026.01.12	00:18:31.875	157.994	158.074			6
2026.01.12	00:18:32.499	157.995				2
2026.01.12	00:18:34.353	157.994	158.073			6
2026.01.12	00:18:36.825		158.074			4
2026.01.12	00:18:37.445	157.995	158.075			6
2026.01.12	00:18:38.380		158.076			4
2026.01.12	00:18:38.686	157.994	158.074			6
2026.01.12	00:18:43.635		158.072			4
2026.01.12	00:18:46.114	157.993				2
2026.01.12	00:18:52.001		158.073			4
2026.01.12	00:18:52.314		158.071			4
2026.01.12	00:18:55.716		158.072			4
2026.01.12	00:18:56.637		158.073			4
2026.01.12	00:18:57.572		158.071			4
2026.01.12	00:19:00.044	157.993				2
2026.01.12	00:19:00.351		158.072			4
2026.01.12	00:19:00.657		158.075			4
2026.01.12	00:19:01.588		158.070			4
2026.01.12	00:19:01.893		158.071			4
2026.01.12	00:19:03.445	157.992				2
2026.01.12	00:19:05.310		158.070			4
2026.01.12	00:19:15.851	157.993	158.073			6
2026.01.12	00:19:16.470	157.992	158.070			6
2026.01.12	00:19:17.406	157.991	158.068			6
2026.01.12	00:19:17.709	157.992	158.071			6
2026.01.12	00:19:18.328		158.070			4
2026.01.12	00:19:18.644	157.991	158.066			6
2026.01.12	00:19:19.571	157.990	158.065			6
2026.01.12	00:19:21.437	157.991				2
2026.01.12	00:19:21.748		158.068			4
2026.01.12	00:19:22.054	157.992	158.069			6
2026.01.12	00:19:22.360		158.070			4
2026.01.12	00:19:30.724		158.069			4
2026.01.12	00:19:43.995	157.991				2
2026.01.12	00:20:00.085	157.991				2
2026.01.12	00:20:03.808		158.068			4
2026.01.12	00:20:14.306		158.069			4
2026.01.12	00:20:16.159		158.070			4
2026.01.12	00:20:16.472		158.071			4
2026.01.12	00:20:21.426		158.070			4
2026.01.12	00:20:25.139		158.071			4
2026.01.12	00:20:34.397	157.993	158.070			6
2026.01.12	00:20:48.343		158.071			4
2026.01.12	00:21:00.093	157.993				2
2026.01.12	00:21:14.639	157.992				2
2026.01.12	00:21:25.445		158.070			4
2026.01.12	00:21:50.458		158.073			4
2026.01.12	00:22:00.022	157.992				2
2026.01.12	00:22:00.331		158.072			4
2026.01.12	00:22:02.744		158.073			4
2026.01.12	00:22:21.921	157.991				2
2026.01.12	00:22:27.789		158.072			4
2026.01.12	00:23:00.242	157.991	158.073			6
2026.01.12	00:23:27.476		158.072			4
2026.01.12	00:23:40.183	157.990				2
2026.01.12	00:23:47.596		158.074			4
2026.01.12	00:24:00.010	157.990				2
2026.01.12	00:24:25.445	157.989	158.071			6
2026.01.12	00:24:26.374		158.070			4
2026.01.12	00:24:27.306		158.072			4
2026.01.12	00:24:37.536	158.017	158.086			6
2026.01.12	00:24:59.578	158.027	158.090			6
2026.01.12	00:25:00.191	158.027				2
2026.01.12	00:25:05.545		158.091			4
2026.01.12	00:25:30.529		158.090			4
2026.01.12	00:25:31.148		158.091			4
2026.01.12	00:25:42.581		158.089			4
2026.01.12	00:25:52.593		158.090			4
2026.01.12	00:26:00.529	158.027				2
2026.01.12	00:26:10.314		158.089			4
2026.01.12	00:27:00.535	158.027				2
2026.01.12	00:27:10.529		158.089			4
2026.01.12	00:28:05.889	158.027				2
2026.01.12	00:28:13.390		158.089			4
2026.01.12	00:29:00.533	158.027				2
2026.01.12	00:29:10.528		158.088			4
2026.01.12	00:30:00.375	158.027				2
2026.01.12	00:30:13.992		158.088			4
2026.01.12	00:30:31.132		158.089			4
2026.01.12	00:31:00.417	158.027				2
2026.01.12	00:31:31.691		158.089			4
2026.01.12	00:31:41.383	158.028				2
2026.01.12	00:32:00.791	158.028				2
2026.01.12	00:32:31.692		158.089			4
2026.01.12	00:33:00.493	158.028				2
2026.01.12	00:33:20.678	158.026	158.087			6
2026.01.12	00:33:50.292	158.027				2
2026.01.12	00:33:50.640	158.026				2
2026.01.12	00:34:00.676	158.026				2
2026.01.12	00:34:24.192		158.087			4
2026.01.12	00:35:00.491	158.026				2
2026.01.12	00:35:25.042		158.087			4
2026.01.12	00:35:34.092	158.027				2
2026.01.12	00:35:36.706	158.026				2
2026.01.12	00:35:39.792	158.027				2
2026.01.12	00:35:50.640	158.026				2
2026.01.12	00:35:55.897		158.086			4
2026.01.12	00:36:01.992	158.026				2
2026.01.12	00:36:25.392	158.027				2
2026.01.12	00:36:26.259	158.026				2
2026.01.12	00:36:27.600	158.025				2
2026.01.12	00:36:32.175	158.027				2
2026.01.12	00:36:57.420	158.025	158.085			6
2026.01.12	00:37:00.520	158.025				2
2026.01.12	00:37:07.534		158.087			4
2026.01.12	00:37:08.293	158.027				2
2026.01.12	00:37:22.746	158.028				2
2026.01.12	00:37:42.491	158.029				2
2026.01.12	00:37:43.083	158.028				2
2026.01.12	00:37:57.506	158.025				2
2026.01.12	00:37:59.406	158.027				2
2026.01.12	00:38:00.436	158.026				2
2026.01.12	00:38:05.952	158.028				2
2026.01.12	00:38:08.591		158.087			4
2026.01.12	00:38:14.292	158.029				2
2026.01.12	00:38:22.521	158.028				2
2026.01.12	00:38:33.792	158.029				2
2026.01.12	00:38:45.192	158.028				2
2026.01.12	00:38:46.991	158.029				2
2026.01.12	00:38:48.793	158.028				2
2026.01.12	00:38:51.280	158.026				2
2026.01.12	00:38:57.414	158.028	158.085			6
2026.01.12	00:38:58.420	158.030				2
2026.01.12	00:39:00.529	158.030				2
2026.01.12	00:39:01.292	158.028				2
2026.01.12	00:39:01.692	158.029				2
2026.01.12	00:39:07.430	158.028	158.087			6
2026.01.12	00:39:12.442	158.029				2
2026.01.12	00:39:14.269	158.028				2
2026.01.12	00:39:19.702	158.030				2
2026.01.12	00:39:20.292	158.029				2
2026.01.12	00:39:59.979	158.026	158.084			6
2026.01.12	00:40:00.320	158.026				2
2026.01.12	00:40:03.791	158.025				2
2026.01.12	00:40:10.003	158.028	158.087			6
2026.01.12	00:40:11.592	158.029				2
2026.01.12	00:40:13.092	158.028				2
2026.01.12	00:40:28.706	158.027				2
2026.01.12	00:40:32.326	158.029				2
2026.01.12	00:40:52.611	158.030				2
2026.01.12	00:40:57.443	158.025				2
2026.01.12	00:40:59.991	158.026				2
2026.01.12	00:41:01.392	158.026				2
2026.01.12	00:41:11.291		158.087			4
2026.01.12	00:41:24.668	158.025				2
2026.01.12	00:42:09.791	158.025				2
2026.01.12	00:42:13.692		158.087			4
2026.01.12	00:43:11.129	158.025				2
2026.01.12	00:43:17.593		158.087			4
2026.01.12	00:44:01.635	158.026				2
2026.01.12	00:44:03.191	158.025				2
2026.01.12	00:44:06.492	158.027				2
2026.01.12	00:44:17.650	158.026	158.087			6
2026.01.12	00:44:23.731	158.025	158.084			6
2026.01.12	00:44:28.993	158.027				2
2026.01.12	00:44:30.492	158.026				2
2026.01.12	00:44:32.592	158.027				2
2026.01.12	00:44:32.994	158.025				2
2026.01.12	00:44:33.736		158.088			4
2026.01.12	00:45:03.171	158.005	158.099			6
2026.01.12	00:45:06.594	158.025	158.088			6
2026.01.12	00:45:13.971	158.039	158.074			6
2026.01.12	00:46:05.593	158.039				2
2026.01.12	00:46:15.192		158.074			4
2026.01.12	00:47:01.093	158.039				2
2026.01.12	00:47:03.187	158.018	158.084			6
2026.01.12	00:47:06.591	158.039	158.074			6
2026.01.12	00:48:01.129	158.040				2
2026.01.12	00:48:07.692		158.074			4
2026.01.12	00:48:52.104	158.038	158.072			6
2026.01.12	00:49:00.324	158.038				2
2026.01.12	00:49:10.391	158.037	158.071			6
2026.01.12	00:49:14.301	158.038	158.068			6
2026.01.12	00:49:33.733		158.066			4
2026.01.12	00:49:48.667		158.059			4
2026.01.12	00:49:49.521		158.062			4
2026.01.12	00:49:57.817		158.068			4
2026.01.12	00:49:59.026		158.067			4
2026.01.12	00:50:01.692	158.038				2
2026.01.12	00:50:03.702		158.069			4
2026.01.12	00:50:13.844		158.066			4
2026.01.12	00:50:23.841		158.067			4
2026.01.12	00:51:01.383	158.038				2
2026.01.12	00:51:13.993	158.040	158.073			6
2026.01.12	00:51:18.192	158.041				2
2026.01.12	00:51:19.184	158.047				2
2026.01.12	00:52:01.383	158.047				2
2026.01.12	00:52:14.186		158.073			4
2026.01.12	00:53:09.191	158.047				2
2026.01.12	00:53:14.359		158.073			4
2026.01.12	00:54:00.192	158.047				2
2026.01.12	00:54:15.793		158.073			4
2026.01.12	00:55:00.491	158.047				2
2026.01.12	00:55:09.623		158.075			4
2026.01.12	00:55:41.382		158.074			4
2026.01.12	00:55:54.191	158.048				2
2026.01.12	00:56:02.499	158.048				2
2026.01.12	00:56:25.951		158.073			4
2026.01.12	00:56:56.171		158.074			4
2026.01.12	00:57:03.130	158.048				2
2026.01.12	00:57:59.592		158.074			4
2026.01.12	00:58:01.435	158.048				2
2026.01.12	00:58:35.324		158.073			4
2026.01.12	00:59:00.534	158.048				2
2026.01.12	00:59:37.364		158.073			4
2026.01.12	01:00:00.052	158.048	158.076			6
2026.01.12	01:00:00.376		158.067			4
2026.01.12	01:00:00.678		158.060			4
2026.01.12	01:00:00.989	158.039	158.040			6
2026.01.12	01:00:01.296	158.014	158.054			6
2026.01.12	01:00:01.645		158.049			4
2026.01.12	01:00:02.001	158.013	158.048			6
2026.01.12	01:00:02.373	158.014				2
2026.01.12	01:00:03.074	158.015	158.045			6
2026.01.12	01:00:03.379	158.007	158.068			6
2026.01.12	01:00:03.700	158.006				2
2026.01.12	01:00:04.006	158.003	158.060			6
2026.01.12	01:00:04.626	158.004	158.061			6
2026.01.12	01:00:04.944		158.062			4
2026.01.12	01:00:05.570	158.002	158.064			6
2026.01.12	01:00:07.132	158.022	158.057			6
2026.01.12	01:00:07.473	158.023				2
2026.01.12	01:00:09.784	158.021				2
2026.01.12	01:00:11.300	158.016	158.056			6
2026.01.12	01:00:14.813		158.054			4
2026.01.12	01:00:15.235	158.009	158.041			6
2026.01.12	01:00:16.486	158.005				2
2026.01.12	01:00:17.923	158.006				2
2026.01.12	01:00:18.785	158.005				2
2026.01.12	01:00:19.589	158.008				2
2026.01.12	01:00:21.006	158.006				2
2026.01.12	01:00:21.648	158.008	158.042			6
2026.01.12	01:00:24.121	158.007				2
2026.01.12	01:00:29.124	157.999	158.032			6
2026.01.12	01:00:30.388		158.030			4
2026.01.12	01:00:30.702	158.001				2
2026.01.12	01:00:31.357	157.999				2
2026.01.12	01:00:35.605		158.028			4
2026.01.12	01:00:38.367	157.998				2
2026.01.12	01:00:38.678	157.999				2
2026.01.12	01:00:47.870		158.027			4
2026.01.12	01:00:50.965	157.994				2
2026.01.12	01:00:56.564	157.999				2
2026.01.12	01:00:57.392		158.025			4
2026.01.12	01:01:00.305	157.999				2
2026.01.12	01:01:02.423		158.024			4
2026.01.12	01:01:02.887	158.009	158.015			6
2026.01.12	01:01:05.650	158.008	158.014			6
2026.01.12	01:01:06.267	158.007	158.013			6
2026.01.12	01:01:10.244	158.008	158.014			6
2026.01.12	01:01:11.481	158.000	158.023			6
2026.01.12	01:01:11.787	158.012	158.018			6
2026.01.12	01:01:12.095	158.011	158.017			6
2026.01.12	01:01:13.931	158.010	158.016			6
2026.01.12	01:01:15.157	158.007	158.013			6
2026.01.12	01:01:15.780	158.008	158.014			6
2026.01.12	01:01:16.086	158.007	158.013			6
2026.01.12	01:01:18.556	158.008	158.014			6
2026.01.12	01:01:20.101	158.007	158.013			6
2026.01.12	01:01:20.409	158.006	158.012			6
2026.01.12	01:01:21.328	158.008	158.014			6
2026.01.12	01:01:21.638	158.007	158.013			6
2026.01.12	01:01:22.259	158.008				2
2026.01.12	01:01:22.869	158.007	158.012			6
2026.01.12	01:01:23.172	158.010	158.015			6
2026.01.12	01:01:23.784	158.008	158.013			6
2026.01.12	01:01:28.106	158.006	158.011			6
2026.01.12	01:01:29.028	157.974	158.002			6
2026.01.12	01:01:30.141		157.999			4
2026.01.12	01:01:30.619	157.971				2
2026.01.12	01:01:31.238	157.970	158.001			6
2026.01.12	01:01:35.597		157.999			4
2026.01.12	01:01:37.970		157.997			4
2026.01.12	01:01:40.935		157.999			4
2026.01.12	01:01:42.296	157.975				2
2026.01.12	01:01:45.669	157.972	158.005			6
2026.01.12	01:01:46.408	157.976				2
2026.01.12	01:01:48.995	157.975				2
2026.01.12	01:01:49.428	157.979				2
2026.01.12	01:01:49.763	157.980				2
2026.01.12	01:01:51.063	157.988	157.994			6
2026.01.12	01:01:55.961	157.989	157.995			6
2026.01.12	01:01:56.273	157.987	157.993			6
2026.01.12	01:01:59.668	157.994	158.000			6
2026.01.12	01:01:59.971	157.996	158.002			6
2026.01.12	01:02:00.281	157.996				2
2026.01.12	01:02:01.816	157.995	158.001			6
2026.01.12	01:02:02.429	157.993	157.999			6
2026.01.12	01:02:02.739	157.992	157.998			6
2026.01.12	01:02:03.962	157.993	157.999			6
2026.01.12	01:02:08.580	157.996	158.002			6
2026.01.12	01:02:09.197	158.000	158.006			6
2026.01.12	01:02:09.501	157.999	158.005			6
2026.01.12	01:02:11.945		158.004			4
2026.01.12	01:02:14.082	157.998				2
2026.01.12	01:02:18.384	158.001	158.007			6
2026.01.12	01:02:24.834	158.000	158.006			6
2026.01.12	01:02:26.067	157.990	157.996			6
2026.01.12	01:02:27.290		157.997			4
2026.01.12	01:02:27.598	157.989	157.990			6
2026.01.12	01:02:27.906	157.984	157.989			6
2026.01.12	01:02:28.517	157.987	157.994			6
2026.01.12	01:02:28.834	157.988	157.995			6
2026.01.12	01:02:30.364	157.987	157.994			6
2026.01.12	01:02:31.893	157.986	157.993			6
2026.01.12	01:02:33.121	157.988	157.995			6
2026.01.12	01:02:33.432	157.975	157.998			6
2026.01.12	01:02:34.176	157.988	157.995			6
2026.01.12	01:02:34.782	157.989	157.996			6
2026.01.12	01:02:37.853	157.990	157.997			6
2026.01.12	01:02:38.468	157.987	157.994			6
2026.01.12	01:02:40.304		157.993			4
2026.01.12	01:02:41.227	157.986	157.992			6
2026.01.12	01:02:44.906	157.987	157.993			6
2026.01.12	01:02:49.853	157.986	157.992			6
2026.01.12	01:02:53.514	157.987	157.993			6
2026.01.12	01:02:54.749	157.986	157.992			6
2026.01.12	01:02:59.054	157.985	157.991			6
2026.01.12	01:03:00.287	157.985				2
2026.01.12	01:03:03.978	157.986	157.992			6
2026.01.12	01:03:09.197	157.988	157.994			6
2026.01.12	01:03:10.725	157.986	157.992			6
2026.01.12	01:03:11.338	157.985	157.991			6
2026.01.12	01:03:23.591	157.984	157.990			6
2026.01.12	01:03:25.122	157.985	157.991			6
2026.01.12	01:03:26.962	157.984	157.990			6
2026.01.12	01:03:27.263	157.986	157.992			6
2026.01.12	01:03:28.189	157.989	157.995			6
2026.01.12	01:03:28.495	157.990	157.996			6
2026.01.12	01:03:30.933	157.989	157.995			6
2026.01.12	01:03:31.847	157.990	157.996			6
2026.01.12	01:03:32.150	157.992	157.998			6
2026.01.12	01:03:32.767	157.993	157.999			6
2026.01.12	01:03:35.831	157.992	157.998			6
2026.01.12	01:03:38.274	157.993	157.999			6
2026.01.12	01:03:38.583	157.992	157.998			6
2026.01.12	01:03:40.735	157.991	157.997			6
2026.01.12	01:03:41.039	157.992	157.998			6
2026.01.12	01:03:45.325	157.993				2
2026.01.12	01:03:50.233	157.992	157.997			6
2026.01.12	01:03:52.073	157.994	157.999			6
2026.01.12	01:03:53.908	157.999	158.003			6
2026.01.12	01:03:54.218		158.004			4
2026.01.12	01:03:54.525	158.002	158.007			6
2026.01.12	01:03:55.131		158.008			4
2026.01.12	01:03:57.583	158.003	158.009			6
2026.01.12	01:03:58.800	158.002	158.008			6
2026.01.12	01:04:00.029	158.002				2
2026.01.12	01:04:01.565	158.000	158.006			6
2026.01.12	01:04:01.874	158.001	158.007			6
2026.01.12	01:04:04.027	158.000	158.006			6
2026.01.12	01:04:04.641	158.001	158.007			6
2026.01.12	01:04:06.788	158.000	158.006			6
2026.01.12	01:04:07.098	158.004	158.010			6
2026.01.12	01:04:07.404	158.003	158.009			6
2026.01.12	01:04:07.711	158.004	158.010			6
2026.01.12	01:04:08.012	158.007	158.013			6
2026.01.12	01:04:11.402	158.010	158.016			6
2026.01.12	01:04:11.715	158.009	158.015			6
2026.01.12	01:04:12.024	158.010	158.016			6
2026.01.12	01:04:12.939	158.009	158.015			6
2026.01.12	01:04:13.867	158.008	158.014			6
2026.01.12	01:04:16.646	158.007	158.013			6
2026.01.12	01:04:19.099	158.006	158.012			6
2026.01.12	01:04:19.402	158.007				2
2026.01.12	01:04:19.706	158.010	158.015			6
2026.01.12	01:04:20.015	158.009	158.014			6
2026.01.12	01:04:20.625	158.010	158.015			6
2026.01.12	01:04:23.701	158.008	158.013			6
2026.01.12	01:04:26.767	158.009	158.014			6
2026.01.12	01:04:31.075	158.011	158.016			6
2026.01.12	01:04:32.004	158.010	158.015			6
2026.01.12	01:04:32.621	158.011	158.016			6
2026.01.12	01:04:35.683	158.012	158.017			6
2026.01.12	01:04:36.296	158.010	158.015			6
2026.01.12	01:04:37.205	158.007	158.012			6
2026.01.12	01:04:39.363	158.006	158.011			6
2026.01.12	01:04:40.288	158.008	158.013			6
2026.01.12	01:04:40.592	158.009	158.014			6
2026.01.12	01:04:44.904	158.008	158.013			6
2026.01.12	01:04:50.120	158.010	158.015			6
2026.01.12	01:04:50.436	158.009	158.014			6
2026.01.12	01:04:51.353	158.010	158.015			6
2026.01.12	01:04:57.185	158.014	158.019			6
2026.01.12	01:04:59.327	158.013	158.018			6
2026.01.12	01:04:59.636	158.014	158.019			6
2026.01.12	01:05:00.251	158.014				2
2026.01.12	01:05:01.180	158.013	158.018			6
2026.01.12	01:05:01.490	158.014	158.019			6
2026.01.12	01:05:03.645	158.012	158.017			6
2026.01.12	01:05:03.951	158.013	158.018			6
2026.01.12	01:05:04.258	158.011	158.016			6
2026.01.12	01:05:04.876	158.012	158.017			6
2026.01.12	01:05:06.710	158.013	158.018			6
2026.01.12	01:05:08.857	158.012	158.017			6
2026.01.12	01:05:09.163	158.013	158.018			6
2026.01.12	01:05:09.774	158.014	158.019			6
2026.01.12	01:05:10.382	158.011	158.016			6
2026.01.12	01:05:11.001	158.012	158.017			6
2026.01.12	01:05:14.382	158.011	158.016			6
2026.01.12	01:05:14.992	158.012	158.017			6
2026.01.12	01:05:16.531	158.013	158.018			6
2026.01.12	01:05:18.377	158.011	158.016			6
2026.01.12	01:05:18.681	158.012	158.017			6
2026.01.12	01:05:19.605	158.013	158.018			6
2026.01.12	01:05:20.215	158.011	158.016			6
2026.01.12	01:05:20.826	158.010	158.015			6
2026.01.12	01:05:21.742	158.011	158.016			6
2026.01.12	01:05:22.051	158.015	158.020			6
2026.01.12	01:05:22.657	158.017	158.022			6
2026.01.12	01:05:26.332	158.016	158.021			6
2026.01.12	01:05:27.250	158.017	158.022			6
2026.01.12	01:05:27.867	158.016	158.021			6
2026.01.12	01:05:28.491	158.018	158.023			6
2026.01.12	01:05:28.797	158.015	158.020			6
2026.01.12	01:05:29.416	158.014	158.019			6
2026.01.12	01:05:29.720	158.013	158.018			6
2026.01.12	01:05:30.342	158.014	158.019			6
2026.01.12	01:05:31.271	158.015	158.020			6
2026.01.12	01:05:31.572	158.014	158.019			6
2026.01.12	01:05:33.737	158.015	158.020			6
2026.01.12	01:05:34.358	158.016	158.021			6
2026.01.12	01:05:34.974	158.014	158.019			6
2026.01.12	01:05:35.891	158.015	158.020			6
2026.01.12	01:05:37.439	158.013	158.018			6
2026.01.12	01:05:37.744	158.014	158.019			6
2026.01.12	01:05:39.298		158.018			4
2026.01.12	01:05:39.600	158.015	158.019			6
2026.01.12	01:05:40.210	158.013	158.017			6
2026.01.12	01:05:40.517	158.012	158.016			6
2026.01.12	01:05:41.129	158.011				2
2026.01.12	01:05:41.751	158.014	158.019			6
2026.01.12	01:05:42.057	158.013	158.018			6
2026.01.12	01:05:42.367	158.014	158.019			6
2026.01.12	01:05:44.218	158.015				2
2026.01.12	01:05:44.831	158.014	158.018			6
2026.01.12	01:05:47.272	158.015	158.019			6
2026.01.12	01:05:49.426	158.014	158.018			6
2026.01.12	01:05:50.358	158.015	158.019			6
2026.01.12	01:05:52.207	158.014	158.018			6
2026.01.12	01:05:52.514	158.013	158.017			6
2026.01.12	01:05:53.438	158.012	158.016			6
2026.01.12	01:05:55.580	158.014	158.018			6
2026.01.12	01:05:56.500	158.013	158.017			6
2026.01.12	01:05:58.027	158.012	158.016			6
2026.01.12	01:05:58.631	158.014	158.018			6
2026.01.12	01:05:59.245	158.015	158.019			6
2026.01.12	01:06:00.159	158.015				2
2026.01.12	01:06:01.086	158.014	158.018			6
2026.01.12	01:06:01.694	158.013	158.017			6
2026.01.12	01:06:02.310	158.014	158.018			6
2026.01.12	01:06:04.774	158.015	158.019			6
2026.01.12	01:06:06.303	158.014	158.018			6
2026.01.12	01:06:09.063	158.016	158.020			6
2026.01.12	01:06:09.367	158.018	158.022			6
2026.01.12	01:06:09.670	158.017	158.021			6
2026.01.12	01:06:10.902	158.016	158.020			6
2026.01.12	01:06:11.204	158.017	158.021			6
2026.01.12	01:06:14.009	158.016	158.020			6
2026.01.12	01:06:14.622	158.018	158.022			6
2026.01.12	01:06:15.544	158.017	158.021			6
2026.01.12	01:06:19.225	158.016	158.020			6
2026.01.12	01:06:20.149	158.017	158.021			6
2026.01.12	01:06:21.376	158.016	158.020			6
2026.01.12	01:06:21.684	158.017	158.021			6
2026.01.12	01:06:22.295	158.019	158.023			6
2026.01.12	01:06:22.600	158.021	158.025			6
2026.01.12	01:06:22.903	158.022	158.026			6
2026.01.12	01:06:23.213	158.021	158.025			6
2026.01.12	01:06:24.147	158.022	158.026			6
2026.01.12	01:06:26.314	158.024	158.028			6
2026.01.12	01:06:26.922	158.023	158.027			6
2026.01.12	01:06:34.338	158.024	158.028			6
2026.01.12	01:06:35.263	158.023	158.027			6
2026.01.12	01:06:35.877	158.024	158.028			6
2026.01.12	01:06:36.192	158.023	158.027			6
2026.01.12	01:06:36.498	158.024	158.028			6
2026.01.12	01:06:39.280	158.023	158.027			6
2026.01.12	01:06:39.586	158.022	158.026			6
2026.01.12	01:06:43.292	158.024	158.028			6
2026.01.12	01:06:43.598	158.023	158.027			6
2026.01.12	01:06:44.220	158.024	158.028			6
2026.01.12	01:06:46.692	158.022	158.026			6
2026.01.12	01:06:48.234	158.023	158.027			6
2026.01.12	01:06:50.396	158.024	158.028			6
2026.01.12	01:06:52.559	158.022	158.026			6
2026.01.12	01:06:58.138		158.025			4
2026.01.12	01:07:00.275	158.022				2
2026.01.12	01:07:01.189	158.023	158.026			6
2026.01.12	01:07:05.173	158.025	158.028			6
2026.01.12	01:07:08.540	158.024	158.027			6
2026.01.12	01:07:10.998	158.026	158.029			6
2026.01.12	01:07:11.605	158.027	158.030			6
2026.01.12	01:07:11.910	158.026	158.029			6
2026.01.12	01:07:19.892	158.027	158.030			6
2026.01.12	01:07:20.817	158.029	158.032			6
2026.01.12	01:07:21.126	158.031	158.034			6
2026.01.12	01:07:21.431	158.032	158.035			6
2026.01.12	01:07:24.189	158.033	158.036			6
2026.01.12	01:07:28.202	158.032	158.035			6
2026.01.12	01:07:29.722	158.033	158.036			6
2026.01.12	01:07:34.929	158.032	158.035			6
2026.01.12	01:07:36.156	158.030	158.033			6
2026.01.12	01:07:36.459	158.031	158.034			6
2026.01.12	01:07:36.765	158.033	158.036			6
2026.01.12	01:07:37.073	158.032	158.035			6
2026.01.12	01:07:46.319	158.033	158.036			6
2026.01.12	01:07:46.632	158.032	158.035			6
2026.01.12	01:07:47.257	158.033	158.036			6
2026.01.12	01:07:49.125	158.034	158.037			6
2026.01.12	01:07:53.161	158.036	158.039			6
2026.01.12	01:07:56.932	158.037	158.040			6
2026.01.12	01:08:00.021	158.037				2
2026.01.12	01:08:00.326	158.038				2
2026.01.12	01:08:04.310	158.037	158.039			6
2026.01.12	01:08:05.233	158.038	158.040			6
2026.01.12	01:08:09.517	158.039	158.041			6
2026.01.12	01:08:09.821		158.040			4
2026.01.12	01:08:13.522	158.038				2
2026.01.12	01:08:13.826	158.036	158.038			6
2026.01.12	01:08:14.746	158.037	158.039			6
2026.01.12	01:08:21.527	158.036	158.038			6
2026.01.12	01:08:24.301	158.037	158.039			6
2026.01.12	01:08:32.570	158.038	158.040			6
2026.01.12	01:08:33.186	158.039	158.041			6
2026.01.12	01:08:36.253	158.038	158.040			6
2026.01.12	01:08:47.301		158.039			4
2026.01.12	01:08:54.687	158.039	158.040			6
2026.01.12	01:08:58.065	158.038	158.039			6
2026.01.12	01:08:59.589	158.039	158.040			6
2026.01.12	01:09:00.210	158.039				2
2026.01.12	01:09:01.132	158.038	158.039			6
2026.01.12	01:09:06.352	158.039	158.040			6
2026.01.12	01:09:07.577	158.038	158.039			6
2026.01.12	01:09:09.424	158.039	158.040			6
2026.01.12	01:09:12.186	158.040	158.041			6
2026.01.12	01:09:15.254	158.038	158.039			6
2026.01.12	01:09:20.169	158.040	158.041			6
2026.01.12	01:09:21.387	158.041	158.042			6
2026.01.12	01:09:26.305	158.042	158.043			6
2026.01.12	01:09:29.367	158.041	158.042			6
2026.01.12	01:09:29.673	158.042	158.043			6
2026.01.12	01:09:34.877	158.041	158.042			6
2026.01.12	01:09:38.568	158.040	158.041			6
2026.01.12	01:09:45.033	158.039	158.040			6
2026.01.12	01:09:48.717	158.040	158.041			6
2026.01.12	01:09:51.470	158.041	158.042			6
2026.01.12	01:09:53.320	158.042	158.043			6
2026.01.12	01:09:56.700	158.043	158.044			6
2026.01.12	01:09:57.007	158.056	158.057			6
2026.01.12	01:09:57.617	158.057	158.058			6
2026.01.12	01:09:58.234	158.055				2
2026.01.12	01:09:59.775	158.054	158.057			6
2026.01.12	01:10:00.091	158.056	158.059			6
2026.01.12	01:10:03.500		158.058			4
2026.01.12	01:10:11.903	158.055	158.056			6
2026.01.12	01:10:12.516	158.056	158.057			6
2026.01.12	01:10:13.443		158.058			4
2026.01.12	01:10:18.414	158.059	158.061			6
2026.01.12	01:10:18.731	158.061	158.063			6
2026.01.12	01:10:19.356		158.064			4
2026.01.12	01:10:22.151		158.063			4
2026.01.12	01:10:29.018	158.062	158.064			6
2026.01.12	01:10:38.933	158.066	158.068			6
2026.01.12	01:10:40.793	158.068	158.070			6
2026.01.12	01:10:42.343	158.069	158.071			6
2026.01.12	01:10:44.214	158.074	158.075			6
2026.01.12	01:10:44.515	158.082	158.084			6
2026.01.12	01:10:45.139	158.081	158.085			6
2026.01.12	01:10:45.754	158.082				2
2026.01.12	01:10:46.058	158.083	158.086			6
2026.01.12	01:10:46.367	158.082				2
2026.01.12	01:10:54.429	158.081	158.085			6
2026.01.12	01:10:55.977	158.082	158.086			6
2026.01.12	01:10:56.598	158.076	158.078			6
2026.01.12	01:10:56.900	158.080	158.084			6
2026.01.12	01:10:58.138	158.081				2
2026.01.12	01:10:59.686	158.080				2
2026.01.12	01:11:00.307	158.080				2
2026.01.12	01:11:01.851	158.081				2
2026.01.12	01:11:05.557		158.082			4
2026.01.12	01:11:07.417		158.084			4
2026.01.12	01:11:07.735		158.083			4
2026.01.12	01:11:08.040	158.080	158.082			6
2026.01.12	01:11:09.283		158.083			4
2026.01.12	01:11:09.904		158.082			4
2026.01.12	01:11:10.209	158.081				2
2026.01.12	01:11:11.753	158.082	158.083			6
2026.01.12	01:11:15.171	158.081	158.082			6
2026.01.12	01:11:20.115	158.082	158.083			6
2026.01.12	01:11:26.026		158.084			4
2026.01.12	01:11:26.330	158.083				2
2026.01.12	01:11:27.259	158.082				2
2026.01.12	01:11:38.175	158.083	158.085			6
2026.01.12	01:11:43.495	158.082				2
2026.01.12	01:11:46.310	158.083				2
2026.01.12	01:11:48.465		158.084			4
2026.01.12	01:11:49.088	158.082	158.083			6
2026.01.12	01:11:49.393	158.083	158.084			6
2026.01.12	01:11:50.623	158.082	158.083			6
2026.01.12	01:11:53.071		158.084			4
2026.01.12	01:11:56.126	158.084	158.086			6
2026.01.12	01:11:57.961	158.085				2
2026.01.12	01:11:59.500	158.083	158.085			6
2026.01.12	01:12:00.113	158.083				2
2026.01.12	01:12:01.649	158.084				2
2026.01.12	01:12:01.953	158.083				2
2026.01.12	01:12:04.110	158.084				2
2026.01.12	01:12:04.723	158.083				2
2026.01.12	01:12:07.784	158.084				2
2026.01.12	01:12:12.126	158.083				2
2026.01.12	01:12:15.255	158.084				2
2026.01.12	01:12:15.570		158.086			4
2026.01.12	01:12:16.196	158.085				2
2026.01.12	01:12:17.744	158.084				2
2026.01.12	01:12:18.981		158.085			4
2026.01.12	01:12:29.863	158.085	158.086			6
2026.01.12	01:12:30.169	158.084	158.085			6
2026.01.12	01:12:30.481	158.085	158.086			6
2026.01.12	01:12:32.030	158.084	158.085			6
2026.01.12	01:12:33.258	158.085	158.086			6
2026.01.12	01:12:37.546	158.084	158.085			6
2026.01.12	01:12:43.385	158.085	158.086			6
2026.01.12	01:12:49.518	158.084	158.085			6
2026.01.12	01:12:50.123	158.085	158.086			6
2026.01.12	01:12:51.956	158.086	158.087			6
2026.01.12	01:13:00.249	158.086				2
2026.01.12	01:13:01.777	158.085	158.086			6
2026.01.12	01:13:11.624	158.084	158.085			6
2026.01.12	01:13:13.456	158.085	158.086			6
2026.01.12	01:13:15.285	158.084	158.085			6
2026.01.12	01:13:16.509	158.085	158.086			6
2026.01.12	01:13:26.635	158.084	158.085			6
2026.01.12	01:13:32.463	158.085	158.086			6
2026.01.12	01:13:35.530	158.084	158.085			6
2026.01.12	01:13:37.366	158.085	158.086			6
2026.01.12	01:13:38.285	158.084	158.085			6
2026.01.12	01:13:43.192	158.085	158.086			6
2026.01.12	01:13:47.479	158.082	158.083			6
2026.01.12	01:13:55.132	158.081	158.082			6
2026.01.12	01:13:59.743	158.082	158.083			6
2026.01.12	01:14:00.052	158.081	158.082			6
2026.01.12	01:14:00.365	158.082	158.083			6
2026.01.12	01:14:01.917	158.081	158.082			6
2026.01.12	01:14:02.221	158.082	158.083			6
2026.01.12	01:14:02.529	158.081	158.082			6
2026.01.12	01:14:04.069	158.082	158.083			6
2026.01.12	01:14:05.286	158.081	158.082			6
2026.01.12	01:14:06.509	158.082	158.083			6
2026.01.12	01:14:08.352	158.081	158.082			6
2026.01.12	01:14:09.278	158.082	158.083			6
2026.01.12	01:14:10.504	158.081	158.082			6
2026.01.12	01:14:11.417	158.082	158.083			6
2026.01.12	01:14:12.336	158.081	158.082			6
2026.01.12	01:14:12.646	158.083	158.084			6
2026.01.12	01:14:14.806	158.082	158.083			6
2026.01.12	01:14:16.646	158.081	158.082			6
2026.01.12	01:14:17.870	158.082	158.083			6
2026.01.12	01:14:18.477	158.081	158.082			6
2026.01.12	01:14:18.780	158.082	158.083			6
2026.01.12	01:14:19.389	158.081	158.082			6
2026.01.12	01:14:22.460	158.070	158.071			6
2026.01.12	01:14:33.805	158.064	158.065			6
2026.01.12	01:14:34.111	158.059	158.060			6
2026.01.12	01:14:35.347	158.058				2
2026.01.12	01:14:41.851	158.057	158.059			6
2026.01.12	01:14:56.429	158.058	158.060			6
2026.01.12	01:15:00.159	158.058				2
2026.01.12	01:15:00.467		158.059			4
2026.01.12	01:15:05.145	158.057	158.058			6
2026.01.12	01:15:06.068	158.056	158.057			6
2026.01.12	01:15:08.574	158.057	158.058			6
2026.01.12	01:15:12.590	158.056	158.057			6
2026.01.12	01:15:15.084	158.057	158.058			6
2026.01.12	01:15:25.665	158.058	158.059			6
2026.01.12	01:15:35.830	158.050	158.051			6
2026.01.12	01:15:36.133	158.051	158.052			6
2026.01.12	01:15:37.058	158.050	158.051			6
2026.01.12	01:15:42.637	158.046	158.047			6
2026.01.12	01:15:44.197	158.045				2
2026.01.12	01:15:45.133	158.046				2
2026.01.12	01:15:49.771	158.045	158.046			6
2026.01.12	01:16:00.298	158.045				2
2026.01.12	01:16:06.774	158.044	158.045			6
2026.01.12	01:16:08.361	158.045	158.046			6
2026.01.12	01:16:10.549	158.044	158.045			6
2026.01.12	01:16:12.130	158.045	158.046			6
2026.01.12	01:16:13.971	158.070	158.071			6
2026.01.12	01:16:14.277	158.071	158.072			6
2026.01.12	01:16:14.579	158.075	158.076			6
2026.01.12	01:16:14.884	158.081	158.082			6
2026.01.12	01:16:15.198	158.078	158.085			6
2026.01.12	01:16:16.300	158.079				2
2026.01.12	01:16:25.481	158.081	158.086			6
2026.01.12	01:16:25.836	158.080				2
2026.01.12	01:16:27.604	158.079	158.085			6
2026.01.12	01:16:31.593	158.080	158.086			6
2026.01.12	01:16:36.562	158.079	158.085			6
2026.01.12	01:16:43.257	158.081	158.086			6
2026.01.12	01:16:48.703	158.082	158.088			6
2026.01.12	01:16:49.018		158.086			4
2026.01.12	01:16:49.335	158.081				2
2026.01.12	01:16:50.264	158.084	158.087			6
2026.01.12	01:16:50.569	158.081				2
2026.01.12	01:16:55.675	158.082				2
2026.01.12	01:16:55.990	158.081				2
2026.01.12	01:16:58.021	158.082	158.086			6
2026.01.12	01:16:58.946	158.081				2
2026.01.12	01:17:00.192	158.081				2
2026.01.12	01:17:01.736	158.080				2
2026.01.12	01:17:02.822	158.081				2
2026.01.12	01:17:11.658	158.080				2
2026.01.12	01:17:12.010	158.091	158.097			6
2026.01.12	01:17:12.814	158.104	158.109			6
2026.01.12	01:17:14.917	158.105	158.110			6
2026.01.12	01:17:30.921	158.104	158.109			6
2026.01.12	01:17:48.407	158.098	158.100			6
2026.01.12	01:17:49.639	158.102	158.107			6
2026.01.12	01:17:49.968	158.104				2
2026.01.12	01:17:50.586	158.103	158.108			6
2026.01.12	01:17:50.956	158.104				2
2026.01.12	01:17:51.258	158.103				2
2026.01.12	01:17:51.576	158.105				2
2026.01.12	01:17:52.817	158.103				2
2026.01.12	01:17:54.376	158.104				2
2026.01.12	01:17:57.809	158.105				2
2026.01.12	01:17:59.356		158.109			4
2026.01.12	01:18:00.293	158.105				2
2026.01.12	01:18:05.576	158.100	158.102			6
2026.01.12	01:18:05.879	158.098	158.100			6
2026.01.12	01:18:08.366	158.097				2
2026.01.12	01:18:10.888	158.100	158.102			6
2026.01.12	01:18:11.937	158.098	158.101			6
2026.01.12	01:18:14.615	158.100				2
2026.01.12	01:18:16.863	158.099				2
2026.01.12	01:18:17.823	158.098				2
2026.01.12	01:18:18.353	158.103	158.106			6
2026.01.12	01:18:18.656	158.102				2
2026.01.12	01:18:19.584	158.103				2
2026.01.12	01:18:28.251	158.102				2
2026.01.12	01:18:28.559	158.103				2
2026.01.12	01:18:28.861		158.104			4
2026.01.12	01:18:29.177	158.102				2
2026.01.12	01:18:29.483	158.103				2
2026.01.12	01:18:30.420	158.102				2
2026.01.12	01:18:31.348	158.104	158.107			6
2026.01.12	01:18:31.659	158.102	158.106			6
2026.01.12	01:18:33.828	158.103				2
2026.01.12	01:18:39.433	158.102	158.104			6
2026.01.12	01:18:39.737	158.103				2
2026.01.12	01:18:41.582		158.106			4
2026.01.12	01:18:43.448	158.105	158.109			6
2026.01.12	01:18:43.754	158.106				2
2026.01.12	01:18:55.489	158.107				2
2026.01.12	01:18:59.853	158.108				2
2026.01.12	01:19:00.172	158.108				2
2026.01.12	01:19:00.812	158.107	158.110			6
2026.01.12	01:19:01.438		158.109			4
2026.01.12	01:19:03.946	158.106				2
2026.01.12	01:19:04.874		158.108			4
2026.01.12	01:19:05.814	158.105	158.107			6
2026.01.12	01:19:06.118	158.107	158.109			6
2026.01.12	01:19:11.707		158.110			4
2026.01.12	01:19:20.364	158.104	158.106			6
2026.01.12	01:19:20.667	158.103				2
2026.01.12	01:19:22.849	158.104				2
2026.01.12	01:19:24.084	158.106	158.109			6
2026.01.12	01:19:24.398		158.110			4
2026.01.12	01:19:27.173	158.107				2
2026.01.12	01:19:29.036	158.108				2
2026.01.12	01:20:00.242	158.108				2
2026.01.12	01:20:00.550	158.105				2
2026.01.12	01:20:02.543	158.108				2
2026.01.12	01:20:18.824	158.109				2
2026.01.12	01:20:21.567	158.108				2
2026.01.12	01:20:24.633		158.110			4
2026.01.12	01:20:27.098	158.109				2
2026.01.12	01:20:31.073		158.111			4
2026.01.12	01:20:36.905	158.104	158.106			6
2026.01.12	01:20:39.380		158.107			4
2026.01.12	01:20:42.441	158.105				2
2026.01.12	01:20:43.053	158.106	158.109			6
2026.01.12	01:20:43.359	158.107				2
2026.01.12	01:20:46.130	158.106				2
2026.01.12	01:20:47.654	158.107				2
2026.01.12	01:20:58.055		158.110			4
2026.01.12	01:21:00.189	158.107				2
2026.01.12	01:21:00.794	158.105	158.109			6
2026.01.12	01:21:01.099	158.106	158.107			6
2026.01.12	01:21:04.152	158.107	158.108			6
2026.01.12	01:21:04.465	158.106	158.107			6
2026.01.12	01:21:05.086	158.107	158.108			6
2026.01.12	01:21:05.392	158.106	158.107			6
2026.01.12	01:21:07.232	158.107	158.108			6
2026.01.12	01:21:07.537	158.106	158.107			6
2026.01.12	01:21:08.147	158.107	158.108			6
2026.01.12	01:21:08.449	158.106	158.107			6
2026.01.12	01:21:10.291	158.107	158.108			6
2026.01.12	01:21:10.601	158.106	158.107			6
2026.01.12	01:21:11.220	158.107	158.108			6
2026.01.12	01:21:11.521	158.106				2
2026.01.12	01:21:11.825	158.107				2
2026.01.12	01:21:12.742	158.106				2
2026.01.12	01:21:13.347	158.107				2
2026.01.12	01:21:13.660	158.106				2
2026.01.12	01:21:14.887	158.105				2
2026.01.12	01:21:15.495	158.106				2
2026.01.12	01:21:15.797	158.105				2
2026.01.12	01:21:16.100	158.107				2
2026.01.12	01:21:24.088	158.109	158.110			6
2026.01.12	01:21:24.696	158.106	158.109			6
2026.01.12	01:21:24.999		158.107			4
2026.01.12	01:21:26.839	158.107	158.108			6
2026.01.12	01:21:27.151	158.106	158.107			6
2026.01.12	01:21:30.215	158.111	158.113			6
2026.01.12	01:21:30.517	158.109	158.112			6
2026.01.12	01:21:30.823		158.111			4
2026.01.12	01:21:31.132		158.112			4
2026.01.12	01:21:32.362	158.108	158.111			6
2026.01.12	01:21:35.431	158.109				2
2026.01.12	01:21:36.965	158.111	158.113			6
2026.01.12	01:21:39.418		158.114			4
2026.01.12	01:21:44.319	158.112				2
2026.01.12	01:21:45.861	158.111	158.113			6
2026.01.12	01:21:51.051	158.112	158.114			6
2026.01.12	01:22:00.256	158.112				2
2026.01.12	01:22:09.163		158.113			4
2026.01.12	01:22:10.091	158.113	158.114			6
2026.01.12	01:22:18.981	158.107	158.108			6
2026.01.12	01:22:19.287	158.108	158.109			6
2026.01.12	01:22:19.590	158.107	158.108			6
2026.01.12	01:22:20.196	158.105	158.107			6
2026.01.12	01:22:20.501	158.108	158.109			6
2026.01.12	01:22:33.352	158.107	158.108			6
2026.01.12	01:22:38.584	158.109	158.110			6
2026.01.12	01:22:39.521	158.108	158.109			6
2026.01.12	01:22:40.136	158.111	158.112			6
2026.01.12	01:22:43.502	158.110	158.111			6
2026.01.12	01:22:45.950	158.111	158.112			6
2026.01.12	01:22:47.813	158.114	158.115			6
2026.01.12	01:22:48.742	158.116	158.117			6
2026.01.12	01:22:49.049	158.117	158.118			6
2026.01.12	01:22:49.355	158.121	158.122			6
2026.01.12	01:22:53.049	158.119	158.120			6
2026.01.12	01:22:53.978	158.120	158.121			6
2026.01.12	01:22:54.593	158.122	158.123			6
2026.01.12	01:22:54.897	158.123	158.124			6
2026.01.12	01:22:55.205		158.125			4
2026.01.12	01:22:57.371	158.126	158.127			6
2026.01.12	01:22:57.673	158.125	158.126			6
2026.01.12	01:23:00.179	158.125				2
2026.01.12	01:23:01.431	158.123	158.124			6
2026.01.12	01:23:01.745	158.121	158.123			6
2026.01.12	01:23:14.796	158.120	158.122			6
2026.01.12	01:23:15.113	158.121	158.123			6
2026.01.12	01:23:18.865	158.122	158.124			6
2026.01.12	01:23:20.431	158.121	158.123			6
2026.01.12	01:23:26.315	158.122				2
2026.01.12	01:23:27.231	158.125	158.126			6
2026.01.12	01:23:27.843	158.136	158.137			6
2026.01.12	01:23:28.147	158.135	158.138			6
2026.01.12	01:23:29.092		158.139			4
2026.01.12	01:23:29.396	158.136				2
2026.01.12	01:23:30.337		158.140			4
2026.01.12	01:23:30.658	158.135	158.139			6
2026.01.12	01:23:32.240	158.138	158.142			6
2026.01.12	01:23:32.877	158.140	158.144			6
2026.01.12	01:23:35.397	158.141	158.145			6
2026.01.12	01:23:36.017	158.138	158.140			6
2026.01.12	01:23:36.318	158.137				2
2026.01.12	01:23:36.628	158.136				2
2026.01.12	01:23:36.935	158.146	158.150			6
2026.01.12	01:23:37.239	158.152	158.155			6
2026.01.12	01:23:37.542	158.151	158.153			6
2026.01.12	01:23:37.845	158.152	158.154			6
2026.01.12	01:23:38.157	158.151				2
2026.01.12	01:23:38.782		158.153			4
2026.01.12	01:23:39.103		158.155			4
2026.01.12	01:23:39.741	158.150	158.154			6
2026.01.12	01:23:41.613		158.152			4
2026.01.12	01:23:41.919	158.151	158.153			6
2026.01.12	01:23:42.851	158.157	158.161			6
2026.01.12	01:23:43.156	158.160	158.162			6
2026.01.12	01:23:45.314	158.159				2
2026.01.12	01:23:48.118	158.160				2
2026.01.12	01:23:49.969	158.159				2
2026.01.12	01:23:50.898	158.154	158.157			6
2026.01.12	01:23:51.204	158.155				2
2026.01.12	01:23:54.623		158.156			4
2026.01.12	01:23:54.935	158.151	158.154			6
2026.01.12	01:23:55.545		158.155			4
2026.01.12	01:23:57.126		158.154			4
2026.01.12	01:23:58.370		158.155			4
2026.01.12	01:24:00.220	158.151	158.154			6
2026.01.12	01:24:03.990		158.155			4
2026.01.12	01:24:04.614		158.154			4
2026.01.12	01:24:06.787	158.152				2
2026.01.12	01:24:11.133	158.151	158.153			6
2026.01.12	01:24:12.984		158.152			4
2026.01.12	01:24:18.237	158.152	158.153			6
2026.01.12	01:24:19.164		158.154			4
2026.01.12	01:24:25.046	158.151				2
2026.01.12	01:24:28.463		158.155			4
2026.01.12	01:24:28.780	158.152	158.153			6
2026.01.12	01:24:30.937	158.151	158.152			6
2026.01.12	01:24:34.025	158.152	158.153			6
2026.01.12	01:24:38.656	158.153	158.154			6
2026.01.12	01:24:43.909		158.156			4
2026.01.12	01:24:45.764		158.155			4
2026.01.12	01:24:46.384	158.154				2
2026.01.12	01:24:55.354	158.152	158.154			6
2026.01.12	01:24:57.203		158.153			4
2026.01.12	01:24:57.824		158.154			4
2026.01.12	01:24:58.128	158.146	158.147			6
2026.01.12	01:24:58.443	158.133	158.134			6
2026.01.12	01:24:58.748	158.128	158.129			6
2026.01.12	01:24:59.363	158.125	158.128			6
2026.01.12	01:24:59.670	158.126				2
2026.01.12	01:25:00.309	158.126				2
2026.01.12	01:25:00.613	158.122	158.126			6
2026.01.12	01:25:00.919	158.121	158.124			6
2026.01.12	01:25:01.783		158.126			4
2026.01.12	01:25:05.385	158.115	158.119			6
2026.01.12	01:25:05.687	158.117	158.120			6
2026.01.12	01:25:05.995	158.115	158.118			6
2026.01.12	01:25:06.302	158.107	158.111			6
2026.01.12	01:25:15.345	158.106	158.110			6
2026.01.12	01:25:17.674	158.107				2
2026.01.12	01:25:19.852	158.118	158.123			6
2026.01.12	01:25:20.185		158.124			4
2026.01.12	01:25:22.058		158.122			4
2026.01.12	01:25:22.360	158.117				2
2026.01.12	01:25:23.109	158.118	158.123			6
2026.01.12	01:25:30.377		158.122			4
2026.01.12	01:25:34.697		158.123			4
2026.01.12	01:25:45.041	158.119				2
2026.01.12	01:25:45.983	158.118				2
2026.01.12	01:25:46.297	158.119				2
2026.01.12	01:25:48.166	158.118				2
2026.01.12	01:25:50.037		158.124			4
2026.01.12	01:25:54.301	158.119				2
2026.01.12	01:25:57.425	158.118				2
2026.01.12	01:26:00.321	158.118				2
2026.01.12	01:26:01.913	158.133	158.137			6
2026.01.12	01:26:02.224		158.138			4
2026.01.12	01:26:03.163		158.139			4
2026.01.12	01:26:08.962	158.132	158.136			6
2026.01.12	01:26:12.717		158.139			4
2026.01.12	01:26:20.300	158.133				2
2026.01.12	01:26:23.393	158.132				2
2026.01.12	01:26:24.507	158.134				2
2026.01.12	01:26:27.359	158.133				2
2026.01.12	01:26:38.613	158.134	158.140			6
2026.01.12	01:26:43.071	158.133	158.139			6
2026.01.12	01:26:46.381	158.137	158.142			6
2026.01.12	01:26:46.682	158.138				2
2026.01.12	01:26:49.469	158.140	158.145			6
2026.01.12	01:26:50.393	158.137	158.142			6
2026.01.12	01:26:51.321	158.136	158.141			6
2026.01.12	01:26:52.860	158.138	158.142			6
2026.01.12	01:26:53.177	158.136	158.141			6
2026.01.12	01:26:59.352		158.142			4
2026.01.12	01:27:00.300	158.136				2
2026.01.12	01:27:01.238	158.134	158.139			6
2026.01.12	01:27:01.538	158.133				2
2026.01.12	01:27:03.020	158.134	158.140			6
2026.01.12	01:27:04.489	158.137	158.142			6
2026.01.12	01:27:08.825	158.136				2
2026.01.12	01:27:09.153	158.137				2
2026.01.12	01:27:16.581	158.138	158.143			6
2026.01.12	01:27:16.888	158.139	158.144			6
2026.01.12	01:27:17.194	158.140	158.145			6
2026.01.12	01:27:18.414	158.141	158.146			6
2026.01.12	01:27:20.240	158.143	158.148			6
2026.01.12	01:27:20.546	158.144				2
2026.01.12	01:27:21.461	158.145	158.149			6
2026.01.12	01:27:23.617		158.150			4
2026.01.12	01:27:40.823		158.149			4
2026.01.12	01:27:45.127	158.146				2
2026.01.12	01:27:45.744		158.150			4
2026.01.12	01:27:46.661	158.144	158.148			6
2026.01.12	01:27:46.967	158.146	158.150			6
2026.01.12	01:27:54.642	158.145	158.149			6
2026.01.12	01:27:56.178	158.144	158.148			6
2026.01.12	01:27:57.113	158.145	158.149			6
2026.01.12	01:28:00.189	158.145				2
2026.01.12	01:28:08.150		158.148			4
2026.01.12	01:28:10.599	158.146	158.149			6
2026.01.12	01:28:13.972	158.150	158.151			6
2026.01.12	01:28:37.303	158.151	158.152			6
2026.01.12	01:29:00.274	158.151				2
2026.01.12	01:29:01.495	158.150	158.151			6
2026.01.12	01:29:03.037	158.151	158.152			6
2026.01.12	01:29:05.183	158.150	158.151			6
2026.01.12	01:29:09.177	158.148	158.149			6
2026.01.12	01:29:10.094	158.149	158.150			6
2026.01.12	01:29:12.840	158.150	158.151			6
2026.01.12	01:29:22.054	158.149	158.150			6
2026.01.12	01:29:22.364	158.150	158.151			6
2026.01.12	01:29:37.074	158.151	158.152			6
2026.01.12	01:29:40.132	158.150	158.151			6
2026.01.12	01:29:42.900	158.151	158.152			6
2026.01.12	01:29:55.152	158.148	158.149			6
2026.01.12	01:29:59.769	158.149	158.150			6
2026.01.12	01:30:00.080	158.149				2
2026.01.12	01:30:00.685	158.153	158.154			6
2026.01.12	01:30:00.992	158.152	158.153			6
2026.01.12	01:30:01.612	158.149	158.150			6
2026.01.12	01:30:01.916	158.148	158.149			6
2026.01.12	01:30:03.145	158.149	158.150			6
2026.01.12	01:30:04.678	158.148	158.149			6
2026.01.12	01:30:06.814	158.151	158.152			6
2026.01.12	01:30:07.130	158.152	158.153			6
2026.01.12	01:30:10.195	158.153	158.154			6
2026.01.12	01:30:10.499	158.154	158.155			6
2026.01.12	01:30:11.418	158.155	158.156			6
2026.01.12	01:30:13.879	158.162	158.163			6
2026.01.12	01:30:14.487	158.163	158.164			6
2026.01.12	01:30:20.021	158.165	158.166			6
2026.01.12	01:30:20.634	158.167	158.168			6
2026.01.12	01:30:20.941	158.169	158.170			6
2026.01.12	01:30:22.470	158.170	158.171			6
2026.01.12	01:30:23.394	158.172	158.175			6
2026.01.12	01:30:23.696		158.176			4
2026.01.12	01:30:25.547	158.176	158.177			6
2026.01.12	01:30:27.696	158.179	158.180			6
2026.01.12	01:30:29.547	158.178	158.179			6
2026.01.12	01:30:30.782	158.177	158.178			6
2026.01.12	01:30:32.006	158.176	158.177			6
2026.01.12	01:30:33.229	158.174	158.175			6
2026.01.12	01:30:33.538	158.173	158.174			6
2026.01.12	01:30:35.678	158.172	158.173			6
2026.01.12	01:30:39.368	158.169	158.170			6
2026.01.12	01:30:40.905	158.170	158.171			6
2026.01.12	01:30:41.515	158.163	158.164			6
2026.01.12	01:30:42.131	158.162	158.163			6
2026.01.12	01:30:43.365	158.163	158.164			6
2026.01.12	01:30:43.671	158.164	158.165			6
2026.01.12	01:30:45.528	158.163	158.164			6
2026.01.12	01:30:47.375	158.167	158.168			6
2026.01.12	01:30:48.610	158.171	158.172			6
2026.01.12	01:30:48.913	158.176	158.177			6
2026.01.12	01:30:49.222	158.177	158.178			6
2026.01.12	01:30:49.524	158.178	158.179			6
2026.01.12	01:30:49.832		158.180			4
2026.01.12	01:30:50.146	158.177	158.178			6
2026.01.12	01:30:50.456	158.178	158.179			6
2026.01.12	01:30:50.759	158.177	158.178			6
2026.01.12	01:30:51.073		158.179			4
2026.01.12	01:30:51.686	158.178				2
2026.01.12	01:30:51.994	158.177				2
2026.01.12	01:30:52.855	158.178				2
2026.01.12	01:30:53.166	158.184	158.186			6
2026.01.12	01:30:55.632	158.183	158.185			6
2026.01.12	01:30:56.872	158.182	158.184			6
2026.01.12	01:30:57.179	158.180	158.182			6
2026.01.12	01:30:57.491	158.181				2
2026.01.12	01:30:57.798		158.183			4
2026.01.12	01:31:00.267	158.181				2
2026.01.12	01:31:04.602	158.182				2
2026.01.12	01:31:05.211	158.181				2
2026.01.12	01:31:06.143		158.182			4
2026.01.12	01:31:06.756		158.183			4
2026.01.12	01:31:07.375	158.180	158.182			6
2026.01.12	01:31:07.689	158.177	158.178			6
2026.01.12	01:31:09.226	158.178	158.179			6
2026.01.12	01:31:11.389	158.176	158.177			6
2026.01.12	01:31:13.238	158.174	158.175			6
2026.01.12	01:31:13.552	158.173				2
2026.01.12	01:31:14.176		158.174			4
2026.01.12	01:31:14.788	158.174	158.175			6
2026.01.12	01:31:15.098	158.173	158.174			6
2026.01.12	01:31:18.800	158.174	158.175			6
2026.01.12	01:31:21.312	158.173	158.174			6
2026.01.12	01:31:27.204	158.174	158.175			6
2026.01.12	01:31:38.865	158.173	158.174			6
2026.01.12	01:31:51.758	158.171	158.172			6
2026.01.12	01:31:52.068	158.172	158.173			6
2026.01.12	01:31:59.133	158.173	158.174			6
2026.01.12	01:32:00.058	158.173				2
2026.01.12	01:32:01.909	158.175	158.176			6
2026.01.12	01:32:02.218	158.173	158.174			6
2026.01.12	01:32:16.944	158.166	158.167			6
2026.01.12	01:32:17.251	158.161	158.162			6
2026.01.12	01:32:17.553	158.160	158.161			6
2026.01.12	01:32:18.171	158.159	158.160			6
2026.01.12	01:32:20.930	158.160	158.161			6
2026.01.12	01:32:22.160	158.159	158.160			6
2026.01.12	01:32:24.314	158.161	158.162			6
2026.01.12	01:32:26.170	158.160	158.161			6
2026.01.12	01:32:50.460	158.176	158.177			6
2026.01.12	01:32:51.385	158.175	158.176			6
2026.01.12	01:32:52.314	158.176	158.177			6
2026.01.12	01:32:54.491	158.175	158.176			6
2026.01.12	01:32:59.759		158.177			4
2026.01.12	01:33:00.064	158.177	158.178			6
2026.01.12	01:33:01.927	158.176	158.177			6
2026.01.12	01:33:02.237	158.175	158.176			6
2026.01.12	01:33:04.696	158.174	158.175			6
2026.01.12	01:33:08.142	158.173	158.174			6
2026.01.12	01:33:08.445	158.170	158.171			6
2026.01.12	01:33:09.372	158.162	158.163			6
2026.01.12	01:33:09.677	158.160	158.162			6
2026.01.12	01:33:13.729	158.159	158.161			6
2026.01.12	01:33:14.371	158.160				2
2026.01.12	01:33:20.916	158.161	158.162			6
2026.01.12	01:33:25.244	158.160	158.161			6
2026.01.12	01:33:35.789	158.161	158.162			6
2026.01.12	01:34:00.266	158.161				2
2026.01.12	01:34:08.252	158.160	158.161			6
2026.01.12	01:34:30.351	158.151	158.152			6
2026.01.12	01:34:30.657	158.149	158.150			6
2026.01.12	01:34:36.218	158.150	158.151			6
2026.01.12	01:34:44.498	158.149	158.150			6
2026.01.12	01:35:00.120	158.149				2
2026.01.12	01:35:01.350	158.148	158.149			6
2026.01.12	01:35:08.719	158.149	158.150			6
2026.01.12	01:35:09.028	158.150	158.151			6
2026.01.12	01:35:19.423	158.159	158.160			6
2026.01.12	01:35:19.729	158.162	158.163			6
2026.01.12	01:35:20.340	158.161	158.162			6
2026.01.12	01:35:23.765	158.167	158.168			6
2026.01.12	01:35:24.077	158.165	158.166			6
2026.01.12	01:35:24.391	158.164				2
2026.01.12	01:35:26.552	158.173	158.175			6
2026.01.12	01:35:26.857	158.171	158.173			6
2026.01.12	01:35:33.071		158.172			4
2026.01.12	01:35:37.122	158.169	158.170			6
2026.01.12	01:35:37.430	158.166	158.167			6
2026.01.12	01:35:39.310	158.164	158.166			6
2026.01.12	01:35:41.160	158.165	158.167			6
2026.01.12	01:35:42.417	158.167	158.168			6
2026.01.12	01:35:47.389	158.168	158.170			6
2026.01.12	01:35:48.625	158.173	158.175			6
2026.01.12	01:35:50.191	158.174	158.176			6
2026.01.12	01:36:00.121	158.174				2
2026.01.12	01:36:03.236		158.175			4
2026.01.12	01:36:06.349	158.175	158.176			6
2026.01.12	01:36:15.564	158.174	158.175			6
2026.01.12	01:36:28.108	158.167	158.168			6
2026.01.12	01:36:28.418	158.170	158.171			6
2026.01.12	01:36:34.871	158.171	158.172			6
2026.01.12	01:36:38.254	158.170	158.171			6
2026.01.12	01:37:00.013	158.170				2
2026.01.12	01:37:02.174	158.167	158.168			6
2026.01.12	01:37:02.480	158.160	158.161			6
2026.01.12	01:37:03.086	158.159	158.160			6
2026.01.12	01:37:03.389	158.158	158.159			6
2026.01.12	01:37:03.692	158.159	158.160			6
2026.01.12	01:37:05.557	158.157	158.158			6
2026.01.12	01:37:06.182	158.156	158.157			6
2026.01.12	01:37:06.802	158.158	158.159			6
2026.01.12	01:37:08.033	158.159	158.160			6
2026.01.12	01:37:18.156	158.157	158.158			6
2026.01.12	01:37:22.791	158.159	158.160			6
2026.01.12	01:37:26.166	158.158	158.159			6
2026.01.12	01:37:32.934	158.160	158.161			6
2026.01.12	01:37:33.855	158.170	158.171			6
2026.01.12	01:37:37.557	158.171	158.172			6
2026.01.12	01:37:47.117	158.172	158.173			6
2026.01.12	01:38:00.018	158.172				2
2026.01.12	01:38:02.172	158.171	158.172			6
2026.01.12	01:38:09.226	158.162	158.163			6
2026.01.12	01:38:09.534	158.161	158.162			6
2026.01.12	01:38:15.361	158.157	158.158			6
2026.01.12	01:38:20.585	158.156	158.157			6
2026.01.12	01:38:30.109	158.153	158.154			6
2026.01.12	01:38:30.412	158.151	158.152			6
2026.01.12	01:38:32.261	158.149	158.150			6
2026.01.12	01:38:33.787	158.148	158.149			6
2026.01.12	01:38:36.556	158.147	158.148			6
2026.01.12	01:38:36.867	158.146	158.147			6
2026.01.12	01:38:40.850	158.139	158.140			6
2026.01.12	01:38:41.165	158.138	158.139			6
2026.01.12	01:38:41.783	158.137	158.138			6
2026.01.12	01:38:43.953	158.138	158.139			6
2026.01.12	01:38:45.497	158.137	158.138			6
2026.01.12	01:38:45.802	158.138	158.139			6
2026.01.12	01:38:50.700	158.136	158.137			6
2026.01.12	01:38:51.005	158.137	158.138			6
2026.01.12	01:38:59.891	158.136	158.137			6
2026.01.12	01:39:00.197	158.136				2
2026.01.12	01:39:01.425	158.125	158.126			6
2026.01.12	01:39:02.338	158.124	158.125			6
2026.01.12	01:39:02.955		158.126			4
2026.01.12	01:39:06.363		158.125			4
2026.01.12	01:39:11.307	158.123	158.124			6
2026.01.12	01:39:11.926	158.122	158.123			6
2026.01.12	01:39:12.532	158.121	158.122			6
2026.01.12	01:39:15.629	158.125	158.126			6
2026.01.12	01:39:15.944	158.123	158.124			6
2026.01.12	01:39:16.877	158.122	158.123			6
2026.01.12	01:39:55.387	158.116	158.117			6
2026.01.12	01:39:55.690	158.117	158.118			6
2026.01.12	01:40:00.290	158.116	158.117			6
2026.01.12	01:40:00.902	158.122	158.123			6
2026.01.12	01:40:17.481	158.123	158.124			6
2026.01.12	01:40:37.776	158.122	158.123			6
2026.01.12	01:40:58.014	158.138	158.139			6
2026.01.12	01:40:59.256	158.137	158.138			6
2026.01.12	01:41:00.181	158.137				2
2026.01.12	01:41:01.120	158.143	158.144			6
2026.01.12	01:41:01.426	158.147	158.148			6
2026.01.12	01:41:01.728	158.148	158.149			6
2026.01.12	01:41:02.350	158.147	158.148			6
2026.01.12	01:41:04.209		158.149			4
2026.01.12	01:41:06.057		158.150			4
2026.01.12	01:41:06.363		158.149			4
2026.01.12	01:41:13.816	158.146	158.148			6
2026.01.12	01:41:14.132	158.147				2
2026.01.12	01:41:14.753	158.146				2
2026.01.12	01:41:15.073	158.147				2
2026.01.12	01:41:19.427	158.140	158.141			6
2026.01.12	01:41:19.730	158.138	158.139			6
2026.01.12	01:41:21.278	158.137				2
2026.01.12	01:41:23.433	158.141	158.142			6
2026.01.12	01:41:24.367	158.140	158.141			6
2026.01.12	01:41:37.378	158.137	158.138			6
2026.01.12	01:41:47.292	158.136	158.137			6
2026.01.12	01:42:00.289	158.136				2
2026.01.12	01:42:47.574		158.137			4
2026.01.12	01:43:00.144	158.136				2
2026.01.12	01:43:20.369	158.135	158.136			6
2026.01.12	01:43:20.671	158.136	158.137			6
2026.01.12	01:43:30.193	158.135	158.136			6
2026.01.12	01:43:30.803	158.136	158.137			6
2026.01.12	01:43:40.602	158.135	158.136			6
2026.01.12	01:43:48.597	158.136	158.137			6
2026.01.12	01:43:49.524	158.126	158.127			6
2026.01.12	01:43:49.826	158.125	158.126			6
2026.01.12	01:43:51.055	158.121	158.122			6
2026.01.12	01:43:57.187	158.125	158.126			6
2026.01.12	01:43:57.491	158.126	158.127			6
2026.01.12	01:44:00.261	158.126				2
2026.01.12	01:44:04.263	158.132	158.133			6
2026.01.12	01:44:04.566	158.133	158.134			6
2026.01.12	01:44:14.997	158.134	158.135			6
2026.01.12	01:44:31.252	158.135	158.136			6
2026.01.12	01:44:42.302	158.133	158.134			6
2026.01.12	01:44:42.609	158.134	158.135			6
2026.01.12	01:44:50.257	158.133	158.134			6
2026.01.12	01:44:57.977	158.147	158.148			6
2026.01.12	01:45:00.137	158.147				2
2026.01.12	01:45:00.438	158.145	158.147			6
2026.01.12	01:45:00.742	158.144				2
2026.01.12	01:45:02.009	158.146				2
2026.01.12	01:45:02.314	158.145				2
2026.01.12	01:45:02.634	158.147	158.148			6
2026.01.12	01:45:14.275	158.152	158.153			6
2026.01.12	01:45:14.583	158.151	158.152			6
2026.01.12	01:45:18.572	158.155	158.156			6
2026.01.12	01:45:18.877	158.158	158.159			6
2026.01.12	01:45:19.179	158.157	158.158			6
2026.01.12	01:45:19.493	158.158	158.159			6
2026.01.12	01:45:31.138	158.159	158.160			6
2026.01.12	01:45:38.196	158.161	158.162			6
2026.01.12	01:45:38.508	158.160	158.161			6
2026.01.12	01:45:47.446	158.162	158.163			6
2026.01.12	01:45:47.748	158.161	158.162			6
2026.01.12	01:45:48.361	158.165	158.166			6
2026.01.12	01:45:50.500	158.170	158.171			6
2026.01.12	01:45:53.555	158.172	158.173			6
2026.01.12	01:45:53.857	158.173	158.174			6
2026.01.12	01:45:56.917	158.172	158.173			6
2026.01.12	01:45:57.220	158.173	158.174			6
2026.01.12	01:46:00.297	158.173				2
2026.01.12	01:46:02.122	158.172	158.173			6
2026.01.12	01:46:02.739	158.173	158.174			6
2026.01.12	01:46:11.044	158.174	158.175			6
2026.01.12	01:46:16.548	158.175	158.176			6
2026.01.12	01:46:21.432	158.174	158.175			6
2026.01.12	01:46:23.574	158.175	158.176			6
2026.01.12	01:46:23.879	158.174	158.175			6
2026.01.12	01:46:28.179	158.175	158.176			6
2026.01.12	01:46:29.404	158.174	158.175			6
2026.01.12	01:46:31.249	158.173	158.174			6
2026.01.12	01:46:37.071	158.174	158.175			6
2026.01.12	01:46:41.384	158.173	158.174			6
2026.01.12	01:46:41.993	158.174	158.175			6
2026.01.12	01:46:44.435	158.173	158.174			6
2026.01.12	01:46:47.491	158.174	158.175			6
2026.01.12	01:46:50.259	158.173	158.174			6
2026.01.12	01:46:56.092	158.172	158.173			6
2026.01.12	01:46:56.397	158.173	158.174			6
2026.01.12	01:47:00.075	158.173				2
2026.01.12	01:47:10.436	158.172	158.173			6
2026.01.12	01:47:10.739	158.173	158.174			6
2026.01.12	01:47:11.962	158.172	158.173			6
2026.01.12	01:47:15.026	158.173	158.174			6
2026.01.12	01:47:23.293	158.172	158.173			6
2026.01.12	01:47:23.599	158.173	158.174			6
2026.01.12	01:47:27.287	158.172	158.173			6
2026.01.12	01:47:30.965	158.173	158.174			6
2026.01.12	01:47:42.945	158.174	158.175			6
2026.01.12	01:47:43.869	158.173	158.174			6
2026.01.12	01:47:48.152	158.172	158.173			6
2026.01.12	01:47:48.763	158.174	158.175			6
2026.01.12	01:47:59.498	158.172	158.173			6
2026.01.12	01:48:00.113	158.172				2
2026.01.12	01:48:01.041	158.173	158.174			6
2026.01.12	01:48:01.350	158.171	158.172			6
2026.01.12	01:48:01.656	158.157	158.158			6
2026.01.12	01:48:01.959	158.143	158.144			6
2026.01.12	01:48:02.262	158.131	158.134			6
2026.01.12	01:48:02.566	158.133	158.137			6
2026.01.12	01:48:06.277	158.134				2
2026.01.12	01:48:06.581	158.133				2
2026.01.12	01:48:07.515	158.134				2
2026.01.12	01:48:09.060		158.138			4
2026.01.12	01:48:10.292	158.137	158.140			6
2026.01.12	01:48:10.605	158.144	158.148			6
2026.01.12	01:48:16.513	158.143				2
2026.01.12	01:48:17.589	158.144				2
2026.01.12	01:48:19.802	158.143	158.149			6
2026.01.12	01:48:20.192	158.144	158.148			6
2026.01.12	01:48:21.753		158.149			4
2026.01.12	01:48:25.061		158.148			4
2026.01.12	01:48:27.850	158.143				2
2026.01.12	01:48:31.946	158.144				2
2026.01.12	01:48:35.941	158.143				2
2026.01.12	01:48:37.083	158.144	158.147			6
2026.01.12	01:48:37.404		158.145			4
2026.01.12	01:48:37.709	158.140	158.143			6
2026.01.12	01:48:38.028	158.143	158.146			6
2026.01.12	01:48:41.123	158.141				2
2026.01.12	01:48:41.442	158.140	158.144			6
2026.01.12	01:48:41.750	158.139				2
2026.01.12	01:48:55.184	158.135	158.138			6
2026.01.12	01:48:55.498	158.134				2
2026.01.12	01:48:58.593	158.132	158.135			6
2026.01.12	01:49:00.139	158.132				2
2026.01.12	01:49:01.063	158.133				2
2026.01.12	01:49:03.230	158.132				2
2026.01.12	01:49:04.470	158.130	158.134			6
2026.01.12	01:49:07.251	158.133	158.137			6
2026.01.12	01:49:07.555	158.138	158.143			6
2026.01.12	01:49:08.169		158.142			4
2026.01.12	01:49:08.480	158.139				2
2026.01.12	01:49:10.021	158.141	158.143			6
2026.01.12	01:49:10.963		158.144			4
2026.01.12	01:49:11.271	158.144	158.148			6
2026.01.12	01:49:12.192	158.145				2
2026.01.12	01:49:12.807		158.149			4
2026.01.12	01:49:17.130	158.146				2
2026.01.12	01:49:22.084	158.147	158.150			6
2026.01.12	01:49:22.401	158.146	158.149			6
2026.01.12	01:49:23.025	158.147				2
2026.01.12	01:49:27.022	158.161	158.162			6
2026.01.12	01:49:27.333	158.160	158.163			6
2026.01.12	01:49:30.713	158.159				2
2026.01.12	01:49:31.017	158.158				2
2026.01.12	01:49:33.035	158.144	158.148			6
2026.01.12	01:49:34.778	158.143	158.147			6
2026.01.12	01:49:36.091	158.145	158.150			6
2026.01.12	01:49:36.399	158.144	158.149			6
2026.01.12	01:49:43.859	158.145				2
2026.01.12	01:49:44.214	158.144				2
2026.01.12	01:49:47.180	158.143				2
2026.01.12	01:49:54.206	158.141	158.147			6
2026.01.12	01:49:54.519	158.144	158.150			6
2026.01.12	01:49:55.285	158.138	158.145			6
2026.01.12	01:49:56.828		158.146			4
2026.01.12	01:49:57.135	158.141	158.147			6
2026.01.12	01:49:57.440	158.143	158.149			6
2026.01.12	01:49:58.059	158.140	158.146			6
2026.01.12	01:50:00.147	158.141	158.147			6
2026.01.12	01:50:00.455	158.136	158.143			6
2026.01.12	01:50:00.759	158.134	158.139			6
2026.01.12	01:50:01.504	158.135				2
2026.01.12	01:50:01.813	158.134	158.140			6
2026.01.12	01:50:02.259	158.133	158.139			6
2026.01.12	01:50:03.601	158.135	158.141			6
2026.01.12	01:50:04.028		158.137			4
2026.01.12	01:50:06.862		158.138			4
2026.01.12	01:50:08.817		158.139			4
2026.01.12	01:50:09.118		158.138			4
2026.01.12	01:50:10.543		158.139			4
2026.01.12	01:50:11.916	158.136	158.140			6
2026.01.12	01:50:14.274	158.135	158.139			6
2026.01.12	01:50:16.798	158.136				2
2026.01.12	01:50:19.311	158.135				2
2026.01.12	01:50:22.149	158.133	158.138			6
2026.01.12	01:50:24.392	158.134				2
2026.01.12	01:50:30.491	158.133				2
2026.01.12	01:50:34.381	158.143	158.147			6
2026.01.12	01:50:38.105	158.142				2
2026.01.12	01:50:38.435	158.143				2
2026.01.12	01:50:40.599		158.148			4
2026.01.12	01:50:44.392	158.144				2
2026.01.12	01:50:45.320	158.155	158.159			6
2026.01.12	01:50:54.108	158.154				2
2026.01.12	01:50:57.159	158.145	158.150			6
2026.01.12	01:50:57.501		158.149			4
2026.01.12	01:50:58.129	158.146	158.150			6
2026.01.12	01:50:58.435	158.145				2
2026.01.12	01:50:58.860	158.144	158.149			6
2026.01.12	01:51:01.613	158.147	158.152			6
2026.01.12	01:51:01.919	158.146	158.150			6
2026.01.12	01:51:04.932	158.145	158.149			6
2026.01.12	01:51:10.281	158.144				2
2026.01.12	01:51:11.674	158.145				2
2026.01.12	01:51:12.604	158.144				2
2026.01.12	01:51:12.950	158.145				2
2026.01.12	01:51:16.677	158.144				2
2026.01.12	01:51:21.815		158.148			4
2026.01.12	01:51:22.736	158.143				2
2026.01.12	01:51:23.799	158.142	158.146			6
2026.01.12	01:51:24.125	158.141				2
2026.01.12	01:51:29.371	158.157	158.162			6
2026.01.12	01:51:29.680	158.160	158.163			6
2026.01.12	01:51:29.989	158.159				2
2026.01.12	01:51:31.878	158.157	158.162			6
2026.01.12	01:51:33.713	158.158	158.163			6
2026.01.12	01:51:34.057	158.163	158.167			6
2026.01.12	01:51:34.979	158.164				2
2026.01.12	01:51:35.282		158.168			4
2026.01.12	01:51:36.246	158.161	158.166			6
2026.01.12	01:51:37.291	158.167	158.171			6
2026.01.12	01:51:38.356		158.172			4
2026.01.12	01:51:38.658	158.168				2
2026.01.12	01:51:50.319		158.173			4
2026.01.12	01:51:55.150	158.171	158.175			6
2026.01.12	01:51:56.687	158.170	158.174			6
2026.01.12	01:52:00.241	158.170				2
2026.01.12	01:52:02.648	158.173	158.177			6
2026.01.12	01:52:07.617	158.175	158.179			6
2026.01.12	01:52:08.391	158.174	158.177			6
2026.01.12	01:52:08.891	158.173				2
2026.01.12	01:52:09.678	158.170	158.175			6
2026.01.12	01:52:10.570		158.174			4
2026.01.12	01:52:17.328	158.169				2
2026.01.12	01:52:30.018	158.170				2
2026.01.12	01:52:31.519	158.169				2
2026.01.12	01:52:32.449		158.173			4
2026.01.12	01:52:36.471	158.170	158.172			6
2026.01.12	01:52:36.780	158.169				2
2026.01.12	01:52:38.302	158.168				2
2026.01.12	01:52:38.613		158.170			4
2026.01.12	01:52:38.918	158.167				2
2026.01.12	01:52:39.230	158.168				2
2026.01.12	01:52:45.125	158.164	158.165			6
2026.01.12	01:52:45.430	158.159	158.162			6
2026.01.12	01:52:55.945	158.158	158.161			6
2026.01.12	01:52:59.050		158.160			4
2026.01.12	01:53:00.284	158.164	158.166			6
2026.01.12	01:53:03.696	158.163				2
2026.01.12	01:53:04.945	158.162				2
2026.01.12	01:53:05.564	158.163				2
2026.01.12	01:53:09.878	158.161	158.164			6
2026.01.12	01:53:10.189		158.163			4
2026.01.12	01:53:10.503	158.160				2
2026.01.12	01:53:10.808	158.159	158.162			6
2026.01.12	01:53:11.934		158.163			4
2026.01.12	01:53:15.343		158.162			4
2026.01.12	01:53:16.266	158.163	158.166			6
2026.01.12	01:53:17.494		158.167			4
2026.01.12	01:53:30.390	158.164	158.169			6
2026.01.12	01:53:36.208		158.168			4
2026.01.12	01:53:44.479	158.162	158.165			6
2026.01.12	01:53:45.088	158.161				2
2026.01.12	01:53:50.937	158.162				2
2026.01.12	01:53:51.239	158.164	158.167			6
2026.01.12	01:53:51.854	158.163	158.166			6
2026.01.12	01:53:54.914	158.164	158.167			6
2026.01.12	01:53:55.217	158.165	158.168			6
2026.01.12	01:53:58.895	158.164	158.167			6
2026.01.12	01:54:00.106	158.164				2
2026.01.12	01:54:01.641	158.165	158.168			6
2026.01.12	01:54:05.315	158.164	158.167			6
2026.01.12	01:54:07.151	158.165	158.168			6
2026.01.12	01:54:09.290		158.167			4
2026.01.12	01:54:23.395		158.166			4
2026.01.12	01:54:28.631	158.166	158.167			6
2026.01.12	01:54:30.164	158.165	158.166			6
2026.01.12	01:54:31.997	158.166	158.167			6
2026.01.12	01:55:00.194	158.166				2
2026.01.12	01:55:12.452	158.161	158.162			6
2026.01.12	01:55:12.755	158.155	158.159			6
2026.01.12	01:55:13.365		158.158			4
2026.01.12	01:55:13.681		158.159			4
2026.01.12	01:55:14.608	158.159	158.160			6
2026.01.12	01:55:19.512	158.158	158.159			6
2026.01.12	01:55:20.431	158.159	158.160			6
2026.01.12	01:55:20.740	158.158	158.159			6
2026.01.12	01:55:22.881	158.159	158.160			6
2026.01.12	01:55:40.337	158.160	158.161			6
2026.01.12	01:55:50.762	158.159	158.160			6
2026.01.12	01:55:53.817	158.160	158.161			6
2026.01.12	01:55:54.118	158.159	158.160			6
2026.01.12	01:56:00.259	158.159				2
2026.01.12	01:56:01.190	158.160	158.161			6
2026.01.12	01:56:02.730	158.162	158.163			6
2026.01.12	01:56:07.344	158.160	158.161			6
2026.01.12	01:56:07.654	158.159	158.160			6
2026.01.12	01:56:08.260	158.158	158.159			6
2026.01.12	01:56:15.342	158.159	158.160			6
2026.01.12	01:56:24.818	158.160	158.161			6
2026.01.12	01:56:29.743	158.159	158.160			6
2026.01.12	01:56:34.944	158.160	158.161			6
2026.01.12	01:56:37.402	158.145	158.146			6
2026.01.12	01:56:37.709	158.141	158.142			6
2026.01.12	01:56:38.012	158.140	158.141			6
2026.01.12	01:56:38.317	158.135	158.137			6
2026.01.12	01:56:38.932	158.136	158.138			6
2026.01.12	01:56:39.237	158.135	158.137			6
2026.01.12	01:56:39.857	158.142	158.144			6
2026.01.12	01:56:40.163	158.141				2
2026.01.12	01:56:45.405	158.140	158.143			6
2026.01.12	01:56:47.609	158.141	158.144			6
2026.01.12	01:56:49.155		158.142			4
2026.01.12	01:56:51.957	158.142	158.143			6
2026.01.12	01:56:54.129		158.144			4
2026.01.12	01:56:54.434	158.141	158.143			6
2026.01.12	01:56:54.753	158.142	158.144			6
2026.01.12	01:56:56.336	158.140	158.142			6
2026.01.12	01:57:00.091	158.140				2
2026.01.12	01:57:05.350	158.142	158.144			6
2026.01.12	01:57:05.658	158.153	158.155			6
2026.01.12	01:57:06.597	158.155	158.157			6
2026.01.12	01:57:07.212	158.154				2
2026.01.12	01:57:07.519	158.153				2
2026.01.12	01:57:10.289	158.156	158.159			6
2026.01.12	01:57:10.897	158.158	158.161			6
2026.01.12	01:57:11.820	158.157	158.159			6
2026.01.12	01:57:12.132	158.156				2
2026.01.12	01:57:13.444		158.160			4
2026.01.12	01:57:13.758		158.159			4
2026.01.12	01:57:14.369	158.163	158.167			6
2026.01.12	01:57:15.154	158.164				2
2026.01.12	01:57:15.465	158.165	158.168			6
2026.01.12	01:57:16.096	158.164				2
2026.01.12	01:57:16.515	158.165				2
2026.01.12	01:57:17.574	158.167	158.169			6
2026.01.12	01:57:18.509	158.166	158.170			6
2026.01.12	01:57:20.645		158.169			4
2026.01.12	01:57:26.605		158.168			4
2026.01.12	01:57:27.598	158.165	158.169			6
2026.01.12	01:57:30.382	158.161	158.163			6
2026.01.12	01:57:30.690	158.160				2
2026.01.12	01:57:31.112	158.161				2
2026.01.12	01:57:31.416	158.158	158.161			6
2026.01.12	01:57:32.037	158.157				2
2026.01.12	01:57:34.651	158.158				2
2026.01.12	01:57:37.432	158.157	158.160			6
2026.01.12	01:57:37.739	158.153	158.157			6
2026.01.12	01:57:38.357	158.152	158.156			6
2026.01.12	01:57:38.975	158.153	158.157			6
2026.01.12	01:57:43.277	158.152	158.156			6
2026.01.12	01:57:45.117	158.153				2
2026.01.12	01:57:47.877	158.154	158.157			6
2026.01.12	01:57:49.732		158.158			4
2026.01.12	01:57:50.657	158.153	158.156			6
2026.01.12	01:58:00.215	158.153				2
2026.01.12	01:58:02.683	158.152	158.155			6
2026.01.12	01:58:03.599	158.153	158.156			6
2026.01.12	01:58:04.523	158.154				2
2026.01.12	01:58:04.837	158.156	158.159			6
2026.01.12	01:58:06.383	158.155	158.158			6
2026.01.12	01:58:06.688	158.156				2
2026.01.12	01:58:09.779	158.155				2
2026.01.12	01:58:10.093		158.157			4
2026.01.12	01:58:11.015	158.154	158.156			6
2026.01.12	01:58:11.944	158.155	158.157			6
2026.01.12	01:58:13.478	158.156				2
2026.01.12	01:58:14.697	158.155				2
2026.01.12	01:58:17.453	158.156				2
2026.01.12	01:58:23.878	158.155				2
2026.01.12	01:58:24.179	158.156				2
2026.01.12	01:58:28.171	158.157	158.158			6
2026.01.12	01:58:32.476	158.156	158.157			6
2026.01.12	01:58:33.390	158.157	158.158			6
2026.01.12	01:58:33.693	158.156	158.157			6
2026.01.12	01:58:36.146	158.157	158.158			6
2026.01.12	01:58:37.994	158.160	158.161			6
2026.01.12	01:58:38.300	158.158	158.159			6
2026.01.12	01:58:39.211	158.151	158.152			6
2026.01.12	01:58:40.127	158.150				2
2026.01.12	01:58:41.376		158.151			4
2026.01.12	01:58:43.204	158.152	158.153			6
2026.01.12	01:58:44.444	158.151	158.152			6
2026.01.12	01:58:44.747	158.150	158.151			6
2026.01.12	01:58:47.216	158.151	158.152			6
2026.01.12	01:58:47.519	158.150	158.151			6
2026.01.12	01:58:48.445	158.151	158.152			6
2026.01.12	01:58:48.747	158.150	158.151			6
2026.01.12	01:58:53.667	158.149	158.150			6
2026.01.12	01:58:53.976	158.145	158.146			6
2026.01.12	01:58:54.280	158.146	158.147			6
2026.01.12	01:58:56.730	158.148	158.149			6
2026.01.12	01:58:59.487	158.147	158.148			6
2026.01.12	01:59:00.111	158.147				2
2026.01.12	01:59:00.721	158.146	158.147			6
2026.01.12	01:59:01.031	158.147	158.148			6
2026.01.12	01:59:03.170	158.146	158.147			6
2026.01.12	01:59:05.619	158.147	158.148			6
2026.01.12	01:59:05.933	158.146	158.147			6
2026.01.12	01:59:08.077	158.148	158.149			6
2026.01.12	01:59:08.382	158.147	158.148			6
2026.01.12	01:59:09.603	158.146	158.147			6
2026.01.12	01:59:10.525	158.147	158.148			6
2026.01.12	01:59:10.828	158.146	158.147			6
2026.01.12	01:59:11.139	158.149	158.150			6
2026.01.12	01:59:11.449	158.147	158.148			6
2026.01.12	01:59:16.961	158.148	158.149			6
2026.01.12	01:59:17.881	158.147	158.148			6
2026.01.12	01:59:23.996	158.146	158.147			6
2026.01.12	01:59:24.620	158.148	158.149			6
2026.01.12	01:59:25.845	158.149	158.150			6
2026.01.12	01:59:26.777	158.148	158.149			6
2026.01.12	01:59:27.694	158.147	158.148			6
2026.01.12	01:59:28.618	158.148	158.149			6
2026.01.12	01:59:28.926	158.147	158.148			6
2026.01.12	01:59:29.551	158.148	158.149			6
2026.01.12	01:59:30.163	158.147	158.148			6
2026.01.12	01:59:32.932	158.148	158.149			6
2026.01.12	01:59:34.762	158.147	158.148			6
2026.01.12	01:59:41.809	158.148	158.149			6
2026.01.12	01:59:44.558	158.146	158.147			6
2026.01.12	01:59:48.244	158.147	158.148			6
2026.01.12	01:59:51.637	158.146	158.147			6
2026.01.12	01:59:55.311	158.143	158.144			6
2026.01.12	01:59:55.623	158.141	158.142			6
2026.01.12	01:59:55.928	158.139	158.140			6
2026.01.12	01:59:56.237	158.138	158.139			6
2026.01.12	01:59:58.069	158.140	158.141			6
2026.01.12	01:59:58.985	158.139	158.140			6
2026.01.12	01:59:59.913	158.138	158.139			6
2026.01.12	02:00:00.215	158.136	158.137			6
2026.01.12	02:00:00.517	158.131	158.132			6
2026.01.12	02:00:00.820	158.125	158.126			6
2026.01.12	02:00:01.130	158.121	158.122			6
2026.01.12	02:00:01.437	158.125	158.126			6
2026.01.12	02:00:01.774	158.130	158.131			6
2026.01.12	02:00:02.080	158.128	158.130			6
2026.01.12	02:00:02.700	158.131	158.132			6
2026.01.12	02:00:03.961	158.130	158.131			6
2026.01.12	02:00:04.265	158.128	158.129			6
2026.01.12	02:00:04.580	158.129	158.130			6
2026.01.12	02:00:04.884	158.128	158.129			6
2026.01.12	02:00:05.505	158.127	158.128			6
2026.01.12	02:00:05.822	158.125	158.126			6
2026.01.12	02:00:06.129	158.126	158.127			6
2026.01.12	02:00:06.449	158.122	158.123			6
2026.01.12	02:00:07.069	158.123	158.124			6
2026.01.12	02:00:08.009	158.121	158.122			6
2026.01.12	02:00:08.316	158.124	158.125			6
2026.01.12	02:00:08.618	158.123	158.124			6
2026.01.12	02:00:09.550	158.124	158.125			6
2026.01.12	02:00:09.858	158.123	158.124			6
2026.01.12	02:00:10.797	158.124	158.125			6
2026.01.12	02:00:11.101	158.123	158.124			6
2026.01.12	02:00:12.041	158.127	158.128			6
2026.01.12	02:00:12.348	158.130	158.131			6
2026.01.12	02:00:13.591		158.132			4
2026.01.12	02:00:15.142	158.129	158.131			6
2026.01.12	02:00:15.446		158.130			4
2026.01.12	02:00:15.750	158.130	158.131			6
2026.01.12	02:00:16.060		158.132			4
2026.01.12	02:00:16.990	158.129	158.131			6
2026.01.12	02:00:17.932	158.125	158.127			6
2026.01.12	02:00:18.240	158.127	158.129			6
2026.01.12	02:00:18.558	158.129	158.131			6
2026.01.12	02:00:19.180	158.131	158.133			6
2026.01.12	02:00:20.735	158.130	158.132			6
2026.01.12	02:00:21.347	158.129	158.131			6
2026.01.12	02:00:21.663	158.131	158.133			6
2026.01.12	02:00:23.217	158.132				2
2026.01.12	02:00:23.841	158.129	158.130			6
2026.01.12	02:00:26.367	158.130	158.131			6
2026.01.12	02:00:26.985	158.131	158.132			6
2026.01.12	02:00:29.758	158.129	158.130			6
2026.01.12	02:00:30.082	158.131	158.132			6
2026.01.12	02:00:30.724	158.132	158.133			6
2026.01.12	02:00:31.029	158.131	158.132			6
2026.01.12	02:00:31.647	158.130	158.131			6
2026.01.12	02:00:33.833	158.131	158.132			6
2026.01.12	02:00:34.454	158.130	158.131			6
2026.01.12	02:00:36.315	158.131	158.132			6
2026.01.12	02:00:36.936	158.130	158.131			6
2026.01.12	02:00:37.555	158.131	158.132			6
2026.01.12	02:00:38.477	158.130	158.131			6
2026.01.12	02:00:38.779	158.126	158.127			6
2026.01.12	02:00:40.616	158.127	158.128			6
2026.01.12	02:00:40.927	158.132	158.133			6
2026.01.12	02:00:41.228	158.131				2
2026.01.12	02:00:43.071	158.133	158.135			6
2026.01.12	02:00:43.387		158.134			4
2026.01.12	02:00:44.026	158.132	158.133			6
2026.01.12	02:00:44.335	158.133	158.134			6
2026.01.12	02:00:44.649	158.132	158.133			6
2026.01.12	02:00:44.969	158.131	158.132			6
2026.01.12	02:00:45.276	158.133	158.134			6
2026.01.12	02:00:46.532	158.131	158.132			6
2026.01.12	02:00:47.146	158.133	158.134			6
2026.01.12	02:00:50.268	158.131	158.132			6
2026.01.12	02:00:50.584	158.132	158.133			6
2026.01.12	02:00:50.894	158.131	158.132			6
2026.01.12	02:00:52.156	158.135	158.136			6
2026.01.12	02:00:52.762	158.145	158.146			6
2026.01.12	02:00:53.400	158.143	158.147			6
2026.01.12	02:00:54.022	158.142				2
2026.01.12	02:00:56.192	158.144	158.149			6
2026.01.12	02:00:56.493	158.145	158.150			6
2026.01.12	02:00:58.143	158.155	158.160			6
2026.01.12	02:00:59.807	158.158	158.162			6
2026.01.12	02:01:00.115	158.158				2
2026.01.12	02:01:00.596	158.159	158.163			6
2026.01.12	02:01:01.608	158.160				2
2026.01.12	02:01:02.164	158.157	158.161			6
2026.01.12	02:01:02.634		158.162			4
2026.01.12	02:01:03.725	158.158	158.161			6
2026.01.12	02:01:04.562		158.162			4
2026.01.12	02:01:04.885		158.161			4
2026.01.12	02:01:05.271	158.157				2
2026.01.12	02:01:05.993		158.162			4
2026.01.12	02:01:06.390		158.161			4
2026.01.12	02:01:07.478		158.162			4
2026.01.12	02:01:08.075	158.159	158.163			6
2026.01.12	02:01:09.302	158.157	158.161			6
2026.01.12	02:01:09.648		158.162			4
2026.01.12	02:01:10.425		158.161			4
2026.01.12	02:01:10.733		158.162			4
2026.01.12	02:01:11.874		158.161			4
2026.01.12	02:01:14.297	158.156				2
2026.01.12	02:01:15.732	158.157				2
2026.01.12	02:01:16.452	158.158	158.162			6
2026.01.12	02:01:18.115	158.165	158.168			6
2026.01.12	02:01:18.420	158.166				2
2026.01.12	02:01:18.785		158.169			4
2026.01.12	02:01:19.616		158.170			4
2026.01.12	02:01:20.215		158.168			4
2026.01.12	02:01:22.661	158.167				2
2026.01.12	02:01:23.069		158.169			4
2026.01.12	02:01:23.880	158.166				2
2026.01.12	02:01:24.361	158.161	158.164			6
2026.01.12	02:01:24.663	158.163	158.166			6
2026.01.12	02:01:25.920	158.161	158.165			6
2026.01.12	02:01:30.197		158.166			4
2026.01.12	02:01:30.703		158.165			4
2026.01.12	02:01:31.631		158.164			4
2026.01.12	02:01:31.940	158.159	158.160			6
2026.01.12	02:01:32.259	158.158	158.161			6
2026.01.12	02:01:32.872	158.163	158.165			6
2026.01.12	02:01:33.179	158.161				2
2026.01.12	02:01:34.411		158.166			4
2026.01.12	02:01:35.089		158.164			4
2026.01.12	02:01:36.547	158.160				2
2026.01.12	02:01:37.068	158.159	158.161			6
2026.01.12	02:01:38.202	158.164	158.168			6
2026.01.12	02:01:38.616	158.163	158.167			6
2026.01.12	02:01:38.917	158.164	158.168			6
2026.01.12	02:01:39.362	158.162	158.166			6
2026.01.12	02:01:39.760	158.161	158.165			6
2026.01.12	02:01:40.669		158.164			4
2026.01.12	02:01:43.658		158.165			4
2026.01.12	02:01:44.077	158.160	158.163			6
2026.01.12	02:01:44.959		158.162			4
2026.01.12	02:01:45.818		158.161			4
2026.01.12	02:01:46.573		158.162			4
2026.01.12	02:01:47.877	158.159				2
2026.01.12	02:01:51.494	158.158	158.161			6
2026.01.12	02:01:52.025	158.157	158.160			6
2026.01.12	02:01:53.878	158.149	158.151			6
2026.01.12	02:01:54.197	158.148				2
2026.01.12	02:01:55.137	158.149	158.153			6
2026.01.12	02:01:55.438	158.151				2
2026.01.12	02:01:55.804	158.153	158.157			6
2026.01.12	02:01:56.215	158.154				2
2026.01.12	02:01:57.740	158.155	158.158			6
2026.01.12	02:01:58.515	158.153				2
2026.01.12	02:01:59.631	158.154				2
2026.01.12	02:02:00.257	158.154				2
2026.01.12	02:02:00.564		158.159			4
2026.01.12	02:02:01.022	158.153	158.154			6
2026.01.12	02:02:01.338	158.149	158.153			6
2026.01.12	02:02:02.440	158.148				2
2026.01.12	02:02:04.119		158.152			4
2026.01.12	02:02:04.464	158.150				2
2026.01.12	02:02:04.778	158.154	158.158			6
2026.01.12	02:02:07.161	158.155				2
2026.01.12	02:02:09.582		158.159			4
2026.01.12	02:02:10.406		158.158			4
2026.01.12	02:02:11.336	158.156				2
2026.01.12	02:02:12.369	158.154				2
2026.01.12	02:02:14.057	158.153	158.156			6
2026.01.12	02:02:14.368	158.150	158.152			6
2026.01.12	02:02:14.679	158.148	158.151			6
2026.01.12	02:02:15.463	158.149				2
2026.01.12	02:02:16.564	158.148				2
2026.01.12	02:02:17.773	158.154	158.155			6
2026.01.12	02:02:18.273		158.156			4
2026.01.12	02:02:20.508		158.157			4
2026.01.12	02:02:23.473		158.156			4
2026.01.12	02:02:24.180	158.155	158.158			6
2026.01.12	02:02:24.487	158.156				2
2026.01.12	02:02:25.110	158.160	158.162			6
2026.01.12	02:02:25.421		158.164			4
2026.01.12	02:02:25.738	158.162	158.166			6
2026.01.12	02:02:26.052	158.163				2
2026.01.12	02:02:26.361	158.161	158.164			6
2026.01.12	02:02:28.347	158.160				2
2026.01.12	02:02:29.171	158.161				2
2026.01.12	02:02:33.951	158.166	158.170			6
2026.01.12	02:02:37.509	158.172	158.176			6
2026.01.12	02:02:37.875	158.175	158.178			6
2026.01.12	02:02:38.180	158.174				2
2026.01.12	02:02:41.876	158.172	158.176			6
2026.01.12	02:02:42.188		158.175			4
2026.01.12	02:02:42.493	158.171	158.176			6
2026.01.12	02:02:43.432		158.174			4
2026.01.12	02:02:44.680	158.170				2
2026.01.12	02:02:44.984	158.171				2
2026.01.12	02:02:46.537	158.176	158.181			6
2026.01.12	02:02:46.839	158.179	158.182			6
2026.01.12	02:02:47.151	158.178				2
2026.01.12	02:02:48.676		158.183			4
2026.01.12	02:02:49.357	158.179				2
2026.01.12	02:02:50.283	158.171	158.175			6
2026.01.12	02:02:52.458	158.170				2
2026.01.12	02:02:53.051		158.174			4
2026.01.12	02:02:56.081	158.171	158.175			6
2026.01.12	02:02:58.244	158.170	158.174			6
2026.01.12	02:02:58.912		158.175			4
2026.01.12	02:02:59.724		158.174			4
2026.01.12	02:03:00.039	158.170				2
2026.01.12	02:03:00.663	158.165	158.169			6
2026.01.12	02:03:00.965	158.164	158.168			6
2026.01.12	02:03:01.592	158.162	158.166			6
2026.01.12	02:03:01.899		158.165			4
2026.01.12	02:03:02.633	158.163				2
2026.01.12	02:03:03.254	158.162				2
2026.01.12	02:03:05.579		158.164			4
2026.01.12	02:03:06.522		158.165			4
2026.01.12	02:03:07.441	158.163	158.166			6
2026.01.12	02:03:08.675	158.162	158.164			6
2026.01.12	02:03:09.058	158.167	158.169			6
2026.01.12	02:03:09.378	158.169	158.172			6
2026.01.12	02:03:09.697		158.173			4
2026.01.12	02:03:10.014		158.172			4
2026.01.12	02:03:10.633		158.173			4
2026.01.12	02:03:12.393	158.170				2
2026.01.12	02:03:13.936		158.172			4
2026.01.12	02:03:14.248	158.169				2
2026.01.12	02:03:20.809	158.168	158.170			6
2026.01.12	02:03:21.112	158.167				2
2026.01.12	02:03:21.736	158.168				2
2026.01.12	02:03:22.964	158.169	158.173			6
2026.01.12	02:03:25.474		158.170			4
2026.01.12	02:03:25.775		158.173			4
2026.01.12	02:03:26.417	158.170				2
2026.01.12	02:03:28.903	158.171	158.174			6
2026.01.12	02:03:29.210		158.173			4
2026.01.12	02:03:29.834		158.172			4
2026.01.12	02:03:30.148	158.170				2
2026.01.12	02:03:31.699	158.172	158.174			6
2026.01.12	02:03:34.795		158.173			4
2026.01.12	02:03:35.103		158.174			4
2026.01.12	02:03:36.979	158.173				2
2026.01.12	02:03:40.713	158.172				2
2026.01.12	02:03:42.876	158.182	158.185			6
2026.01.12	02:03:43.188	158.183				2
2026.01.12	02:03:43.498		158.186			4
2026.01.12	02:03:43.807	158.184				2
2026.01.12	02:03:44.112	158.185	158.188			6
2026.01.12	02:03:44.420	158.184	158.187			6
2026.01.12	02:03:44.742	158.186	158.190			6
2026.01.12	02:03:45.193	158.187	158.191			6
2026.01.12	02:03:45.756	158.185	158.189			6
2026.01.12	02:03:47.664		158.188			4
2026.01.12	02:03:47.973		158.189			4
2026.01.12	02:03:48.431	158.192	158.197			6
2026.01.12	02:03:49.470	158.191	158.196			6
2026.01.12	02:03:50.759	158.194	158.199			6
2026.01.12	02:03:51.999	158.196	158.200			6
2026.01.12	02:03:53.859	158.195				2
2026.01.12	02:03:54.779	158.196				2
2026.01.12	02:03:55.171		158.201			4
2026.01.12	02:03:55.479	158.195	158.200			6
2026.01.12	02:03:56.433	158.196				2
2026.01.12	02:03:58.120	158.194	158.199			6
2026.01.12	02:03:59.605	158.195	158.200			6
2026.01.12	02:04:00.017	158.195				2
2026.01.12	02:04:00.420	158.194	158.199			6
2026.01.12	02:04:02.189	158.192	158.197			6
2026.01.12	02:04:02.574	158.193	158.198			6
2026.01.12	02:04:03.929	158.195	158.199			6
2026.01.12	02:04:04.239		158.200			4
2026.01.12	02:04:04.962		158.198			4
2026.01.12	02:04:05.269	158.198	158.200			6
2026.01.12	02:04:05.724	158.196	158.198			6
2026.01.12	02:04:06.033	158.195				2
2026.01.12	02:04:08.812	158.193	158.197			6
2026.01.12	02:04:09.737	158.195	158.198			6
2026.01.12	02:04:11.288	158.196				2
2026.01.12	02:04:12.516	158.194	158.197			6
2026.01.12	02:04:12.822	158.195	158.199			6
2026.01.12	02:04:15.943	158.194				2
2026.01.12	02:04:16.271		158.198			4
2026.01.12	02:04:18.752	158.195	158.199			6
2026.01.12	02:04:19.929	158.197	158.201			6
2026.01.12	02:04:20.387	158.206	158.207			6
2026.01.12	02:04:20.692	158.198	158.201			6
2026.01.12	02:04:20.999	158.197	158.199			6
2026.01.12	02:04:21.306	158.196	158.200			6
2026.01.12	02:04:23.741	158.195	158.198			6
2026.01.12	02:04:24.360		158.199			4
2026.01.12	02:04:24.981		158.200			4
2026.01.12	02:04:26.125		158.199			4
2026.01.12	02:04:26.806		158.198			4
2026.01.12	02:04:30.706	158.194				2
2026.01.12	02:04:33.179	158.195				2
2026.01.12	02:04:34.713	158.194				2
2026.01.12	02:04:35.494		158.197			4
2026.01.12	02:04:35.797		158.198			4
2026.01.12	02:04:37.367	158.196				2
2026.01.12	02:04:38.287	158.195				2
2026.01.12	02:04:39.015		158.197			4
2026.01.12	02:04:40.542	158.194				2
2026.01.12	02:04:41.774	158.195				2
2026.01.12	02:04:42.080	158.196				2
2026.01.12	02:04:44.855	158.195	158.196			6
2026.01.12	02:04:46.710		158.197			4
2026.01.12	02:04:47.559	158.194				2
2026.01.12	02:04:48.940		158.196			4
2026.01.12	02:04:49.733		158.197			4
2026.01.12	02:04:50.086	158.195				2
2026.01.12	02:04:51.135	158.196				2
2026.01.12	02:04:51.825	158.195	158.196			6
2026.01.12	02:04:52.134	158.194				2
2026.01.12	02:04:52.739	158.195				2
2026.01.12	02:04:53.044	158.194				2
2026.01.12	02:04:53.653	158.195	158.197			6
2026.01.12	02:04:55.269	158.194	158.196			6
2026.01.12	02:04:57.238	158.195				2
2026.01.12	02:04:58.225	158.194				2
2026.01.12	02:05:00.147	158.194				2
2026.01.12	02:05:01.064		158.197			4
2026.01.12	02:05:01.734		158.196			4
2026.01.12	02:05:02.197	158.191	158.194			6
2026.01.12	02:05:02.528	158.192				2
2026.01.12	02:05:02.832	158.193	158.195			6
2026.01.12	02:05:03.458	158.196	158.197			6
2026.01.12	02:05:05.930	158.195				2
2026.01.12	02:05:07.160	158.194	158.196			6
2026.01.12	02:05:08.067	158.193	158.195			6
2026.01.12	02:05:08.369		158.196			4
2026.01.12	02:05:09.848		158.195			4
2026.01.12	02:05:12.617	158.190	158.191			6
2026.01.12	02:05:12.919	158.191	158.193			6
2026.01.12	02:05:13.526	158.189	158.192			6
2026.01.12	02:05:13.830	158.185	158.188			6
2026.01.12	02:05:14.759	158.186				2
2026.01.12	02:05:15.064	158.185	158.187			6
2026.01.12	02:05:15.367	158.189	158.192			6
2026.01.12	02:05:17.820	158.185	158.187			6
2026.01.12	02:05:18.123		158.188			4
2026.01.12	02:05:18.436	158.186	158.189			6
2026.01.12	02:05:19.049	158.184	158.186			6
2026.01.12	02:05:22.733		158.187			4
2026.01.12	02:05:23.154	158.183	158.186			6
2026.01.12	02:05:23.473	158.182	158.184			6
2026.01.12	02:05:24.083	158.181				2
2026.01.12	02:05:25.612		158.183			4
2026.01.12	02:05:25.919	158.179	158.182			6
2026.01.12	02:05:26.538	158.180				2
2026.01.12	02:05:26.851	158.164	158.167			6
2026.01.12	02:05:27.155	158.159	158.162			6
2026.01.12	02:05:27.462	158.160				2
2026.01.12	02:05:28.081	158.159				2
2026.01.12	02:05:28.383	158.165	158.169			6
2026.01.12	02:05:28.845	158.164				2
2026.01.12	02:05:29.232	158.163	158.167			6
2026.01.12	02:05:29.539	158.158	158.163			6
2026.01.12	02:05:29.846	158.155	158.159			6
2026.01.12	02:05:30.173	158.156	158.160			6
2026.01.12	02:05:30.475		158.159			4
2026.01.12	02:05:30.812	158.155	158.160			6
2026.01.12	02:05:31.255	158.140	158.142			6
2026.01.12	02:05:31.560	158.134	158.138			6
2026.01.12	02:05:31.875	158.135				2
2026.01.12	02:05:32.177	158.137	158.141			6
2026.01.12	02:05:32.491	158.138	158.142			6
2026.01.12	02:05:32.815	158.139				2
2026.01.12	02:05:33.119	158.138				2
2026.01.12	02:05:33.435	158.139				2
2026.01.12	02:05:33.822	158.138	158.140			6
2026.01.12	02:05:34.139	158.132	158.138			6
2026.01.12	02:05:34.443	158.130	158.135			6
2026.01.12	02:05:34.760	158.129	158.134			6
2026.01.12	02:05:35.079	158.130	158.131			6
2026.01.12	02:05:35.382	158.129	158.134			6
2026.01.12	02:05:35.746		158.132			4
2026.01.12	02:05:36.054	158.136	158.138			6
2026.01.12	02:05:36.361	158.138	158.139			6
2026.01.12	02:05:36.671	158.136	158.137			6
2026.01.12	02:05:37.092	158.137	158.139			6
2026.01.12	02:05:38.972	158.142	158.146			6
2026.01.12	02:05:39.280		158.145			4
2026.01.12	02:05:39.601	158.144	158.148			6
2026.01.12	02:05:39.965	158.142	158.147			6
2026.01.12	02:05:40.281	158.143				2
2026.01.12	02:05:40.890	158.144				2
2026.01.12	02:05:41.198	158.136	158.139			6
2026.01.12	02:05:41.503	158.135	158.137			6
2026.01.12	02:05:42.084	158.134	158.138			6
2026.01.12	02:05:42.952	158.136	158.140			6
2026.01.12	02:05:43.607	158.137				2
2026.01.12	02:05:44.239	158.136				2
2026.01.12	02:05:45.182	158.137				2
2026.01.12	02:05:46.574	158.136	158.139			6
2026.01.12	02:05:47.458		158.140			4
2026.01.12	02:05:48.373	158.137				2
2026.01.12	02:05:49.472	158.136	158.139			6
2026.01.12	02:05:50.223	158.137	158.140			6
2026.01.12	02:05:51.474	158.136				2
2026.01.12	02:05:52.216	158.137				2
2026.01.12	02:05:54.580	158.120	158.124			6
2026.01.12	02:05:55.647	158.121				2
2026.01.12	02:05:56.279	158.123	158.127			6
2026.01.12	02:05:56.615	158.122	158.124			6
2026.01.12	02:05:57.642	158.123	158.126			6
2026.01.12	02:05:57.969	158.127	158.129			6
2026.01.12	02:05:58.305	158.128	158.131			6
2026.01.12	02:05:58.657	158.127	158.129			6
2026.01.12	02:05:58.959	158.123	158.125			6
2026.01.12	02:06:00.321	158.124	158.127			6
2026.01.12	02:06:01.401		158.126			4
2026.01.12	02:06:02.007	158.125				2
2026.01.12	02:06:02.403	158.123				2
2026.01.12	02:06:05.387	158.126	158.128			6
2026.01.12	02:06:05.882	158.127	158.130			6
2026.01.12	02:06:06.472	158.126	158.128			6
2026.01.12	02:06:08.162	158.123	158.126			6
2026.01.12	02:06:11.469	158.122	158.124			6
2026.01.12	02:06:11.908		158.125			4
2026.01.12	02:06:12.329	158.112	158.115			6
2026.01.12	02:06:16.775	158.116	158.119			6
2026.01.12	02:06:18.025	158.118	158.120			6
2026.01.12	02:06:18.354	158.116	158.118			6
2026.01.12	02:06:18.773		158.117			4
2026.01.12	02:06:19.079	158.115				2
2026.01.12	02:06:19.444	158.116				2
2026.01.12	02:06:20.078		158.118			4
2026.01.12	02:06:20.399	158.115	158.116			6
2026.01.12	02:06:22.244		158.117			4
2026.01.12	02:06:24.180	158.116	158.118			6
2026.01.12	02:06:24.801	158.115	158.116			6
2026.01.12	02:06:25.408	158.114	158.117			6
2026.01.12	02:06:25.811	158.111	158.115			6
2026.01.12	02:06:26.124	158.112				2
2026.01.12	02:06:28.253	158.109	158.111			6
2026.01.12	02:06:29.214	158.107	158.110			6
2026.01.12	02:06:29.617	158.102	158.105			6
2026.01.12	02:06:29.962	158.099	158.104			6
2026.01.12	02:06:30.280		158.102			4
2026.01.12	02:06:31.188	158.106	158.107			6
2026.01.12	02:06:31.499	158.110	158.112			6
2026.01.12	02:06:32.383	158.111	158.114			6
2026.01.12	02:06:33.892	158.110	158.112			6
2026.01.12	02:06:35.276		158.113			4
2026.01.12	02:06:36.815	158.108	158.112			6
2026.01.12	02:06:37.120	158.092	158.096			6
2026.01.12	02:06:37.429		158.095			4
2026.01.12	02:06:38.104	158.091	158.093			6
2026.01.12	02:06:38.419		158.094			4
2026.01.12	02:06:39.070	158.096	158.098			6
2026.01.12	02:06:39.381	158.097	158.099			6
2026.01.12	02:06:39.685	158.100	158.101			6
2026.01.12	02:06:40.000	158.104	158.106			6
2026.01.12	02:06:40.794	158.108	158.111			6
2026.01.12	02:06:41.103	158.107	158.110			6
2026.01.12	02:06:41.845		158.109			4
2026.01.12	02:06:43.094		158.110			4
2026.01.12	02:06:44.566		158.109			4
2026.01.12	02:06:47.936	158.108	158.110			6
2026.01.12	02:06:50.908		158.111			4
2026.01.12	02:06:52.006		158.112			4
2026.01.12	02:06:52.332		158.111			4
2026.01.12	02:06:52.656	158.107				2
2026.01.12	02:06:53.856	158.106	158.109			6
2026.01.12	02:06:54.159		158.107			4
2026.01.12	02:06:54.464		158.109			4
2026.01.12	02:06:54.896	158.084	158.087			6
2026.01.12	02:06:55.708	158.086	158.089			6
2026.01.12	02:06:56.100	158.089	158.091			6
2026.01.12	02:06:56.747	158.090	158.093			6
2026.01.12	02:06:57.062	158.089				2
2026.01.12	02:06:57.400	158.088	158.092			6
2026.01.12	02:06:58.600		158.091			4
2026.01.12	02:06:59.873	158.087	158.090			6
2026.01.12	02:07:00.269	158.087				2
2026.01.12	02:07:00.666	158.085	158.088			6
2026.01.12	02:07:01.023		158.087			4
2026.01.12	02:07:01.696		158.086			4
2026.01.12	02:07:02.303	158.087	158.090			6
2026.01.12	02:07:02.622	158.086	158.089			6
2026.01.12	02:07:02.941	158.085	158.087			6
2026.01.12	02:07:06.846		158.088			4
2026.01.12	02:07:07.163		158.087			4
2026.01.12	02:07:07.924		158.086			4
2026.01.12	02:07:08.331		158.087			4
2026.01.12	02:07:09.439	158.086	158.088			6
2026.01.12	02:07:09.815	158.087	158.089			6
2026.01.12	02:07:10.130		158.090			4
2026.01.12	02:07:10.684	158.089				2
2026.01.12	02:07:10.999	158.093	158.096			6
2026.01.12	02:07:11.338	158.094				2
2026.01.12	02:07:11.947	158.087	158.091			6
2026.01.12	02:07:14.472		158.089			4
2026.01.12	02:07:14.793	158.088	158.092			6
2026.01.12	02:07:15.528	158.087	158.091			6
2026.01.12	02:07:16.823	158.086	158.090			6
2026.01.12	02:07:17.128		158.091			4
2026.01.12	02:07:17.442		158.090			4
2026.01.12	02:07:18.110		158.091			4
2026.01.12	02:07:18.854	158.087	158.090			6
2026.01.12	02:07:19.785	158.085	158.089			6
2026.01.12	02:07:20.092	158.086	158.090			6
2026.01.12	02:07:20.400		158.091			4
2026.01.12	02:07:21.040		158.090			4
2026.01.12	02:07:21.686	158.087	158.091			6
2026.01.12	02:07:22.458	158.086	158.090			6
2026.01.12	02:07:23.194	158.075	158.077			6
2026.01.12	02:07:23.500	158.076	158.081			6
2026.01.12	02:07:24.129	158.077				2
2026.01.12	02:07:25.749	158.074	158.078			6
2026.01.12	02:07:26.363	158.075	158.079			6
2026.01.12	02:07:27.042	158.069	158.074			6
2026.01.12	02:07:27.349	158.068	158.072			6
2026.01.12	02:07:27.663	158.062	158.065			6
2026.01.12	02:07:27.981	158.061	158.064			6
2026.01.12	02:07:28.355		158.065			4
2026.01.12	02:07:28.930	158.063	158.067			6
2026.01.12	02:07:29.242	158.066	158.070			6
2026.01.12	02:07:30.028	158.065				2
2026.01.12	02:07:31.753	158.068	158.072			6
2026.01.12	02:07:32.065	158.069				2
2026.01.12	02:07:32.704	158.066	158.070			6
2026.01.12	02:07:34.000	158.061	158.066			6
2026.01.12	02:07:34.322	158.062	158.065			6
2026.01.12	02:07:34.638	158.059	158.062			6
2026.01.12	02:07:34.990		158.063			4
2026.01.12	02:07:35.484		158.064			4
2026.01.12	02:07:35.846	158.055	158.056			6
2026.01.12	02:07:36.149	158.051	158.054			6
2026.01.12	02:07:36.765	158.050				2
2026.01.12	02:07:37.996	158.059	158.063			6
2026.01.12	02:07:39.120	158.057	158.061			6
2026.01.12	02:07:39.428	158.056	158.060			6
2026.01.12	02:07:40.424	158.055	158.059			6
2026.01.12	02:07:42.374	158.057	158.061			6
2026.01.12	02:07:42.800	158.056	158.060			6
2026.01.12	02:07:43.125	158.057	158.061			6
2026.01.12	02:07:43.564	158.056	158.060			6
2026.01.12	02:07:43.894	158.055				2
2026.01.12	02:07:45.579		158.059			4
2026.01.12	02:07:46.322	158.056	158.060			6
2026.01.12	02:07:48.668	158.055	158.059			6
2026.01.12	02:07:49.012	158.054				2
2026.01.12	02:07:51.184	158.055	158.058			6
2026.01.12	02:07:51.648	158.054	158.059			6
2026.01.12	02:07:51.954		158.058			4
2026.01.12	02:07:54.180	158.055	158.060			6
2026.01.12	02:07:55.221	158.056				2
2026.01.12	02:07:56.113		158.061			4
2026.01.12	02:07:57.737	158.057	158.062			6
2026.01.12	02:07:58.741	158.058	158.063			6
2026.01.12	02:07:59.056	158.055	158.060			6
2026.01.12	02:08:00.210	158.055				2
2026.01.12	02:08:00.846	158.057	158.062			6
2026.01.12	02:08:02.070	158.068	158.072			6
2026.01.12	02:08:02.413	158.069	158.073			6
2026.01.12	02:08:03.095	158.070	158.074			6
2026.01.12	02:08:06.326		158.073			4
2026.01.12	02:08:08.129	158.068				2
2026.01.12	02:08:12.198		158.072			4
2026.01.12	02:08:15.109	158.070	158.075			6
2026.01.12	02:08:15.422		158.074			4
2026.01.12	02:08:22.058	158.067	158.071			6
2026.01.12	02:08:23.155	158.066				2
2026.01.12	02:08:23.967	158.060	158.064			6
2026.01.12	02:08:24.275		158.065			4
2026.01.12	02:08:24.728		158.063			4
2026.01.12	02:08:27.573	158.059				2
2026.01.12	02:08:29.347	158.060				2
2026.01.12	02:08:30.057		158.064			4
2026.01.12	02:08:30.387		158.063			4
2026.01.12	02:08:32.037	158.057	158.060			6
2026.01.12	02:08:32.339	158.052	158.056			6
2026.01.12	02:08:34.866	158.056	158.059			6
2026.01.12	02:08:35.173	158.059	158.062			6
2026.01.12	02:08:35.484	158.060	158.063			6
2026.01.12	02:08:35.799	158.059				2
2026.01.12	02:08:36.665	158.058				2
2026.01.12	02:08:38.226		158.062			4
2026.01.12	02:08:39.065	158.057	158.061			6
2026.01.12	02:08:46.531	158.058				2
2026.01.12	02:08:48.538	158.026	158.028			6
2026.01.12	02:08:48.841	158.027	158.032			6
2026.01.12	02:08:49.149		158.033			4
2026.01.12	02:08:49.465	158.028				2
2026.01.12	02:08:49.785	158.032	158.037			6
2026.01.12	02:08:50.475	158.031	158.036			6
2026.01.12	02:08:50.797	158.018	158.021			6
2026.01.12	02:08:51.821	158.021	158.026			6
2026.01.12	02:08:53.243	158.031	158.035			6
2026.01.12	02:08:54.048	158.032				2
2026.01.12	02:08:54.477	158.034	158.038			6
2026.01.12	02:08:55.193	158.032	158.036			6
2026.01.12	02:08:56.356	158.028	158.029			6
2026.01.12	02:08:56.661	158.019	158.024			6
2026.01.12	02:08:56.972	158.016	158.020			6
2026.01.12	02:08:57.282	158.015	158.019			6
2026.01.12	02:08:57.613		158.020			4
2026.01.12	02:08:58.132	158.017	158.021			6
2026.01.12	02:08:58.451	158.013	158.018			6
2026.01.12	02:08:58.758	158.015	158.020			6
2026.01.12	02:08:59.389	158.028	158.033			6
2026.01.12	02:08:59.701	158.027	158.031			6
2026.01.12	02:09:00.228	158.021	158.025			6
2026.01.12	02:09:00.931	158.030	158.034			6
2026.01.12	02:09:01.238	158.031	158.035			6
2026.01.12	02:09:04.042	158.030	158.034			6
2026.01.12	02:09:04.386		158.035			4
2026.01.12	02:09:08.619	158.029	158.032			6
2026.01.12	02:09:08.980		158.034			4
2026.01.12	02:09:09.931		158.033			4
2026.01.12	02:09:11.116	158.024	158.029			6
2026.01.12	02:09:11.418	158.023	158.027			6
2026.01.12	02:09:11.828		158.028			4
2026.01.12	02:09:12.132	158.022	158.026			6
2026.01.12	02:09:12.438	158.019	158.024			6
2026.01.12	02:09:14.070	158.017	158.022			6
2026.01.12	02:09:14.445	158.016	158.020			6
2026.01.12	02:09:17.047	158.014	158.018			6
2026.01.12	02:09:17.357		158.019			4
2026.01.12	02:09:17.991	158.016				2
2026.01.12	02:09:18.662	158.014				2
2026.01.12	02:09:22.579	158.016				2
2026.01.12	02:09:23.095	158.018	158.023			6
2026.01.12	02:09:23.531	158.019				2
2026.01.12	02:09:27.721	158.023	158.028			6
2026.01.12	02:09:28.373	158.024				2
2026.01.12	02:09:28.679	158.031	158.036			6
2026.01.12	02:09:29.879	158.032	158.037			6
2026.01.12	02:09:30.228		158.036			4
2026.01.12	02:09:33.957		158.037			4
2026.01.12	02:09:34.289		158.036			4
2026.01.12	02:09:35.331	158.031	158.035			6
