<DATE>	<TIME>	<BID>	<ASK>	<LAST>	<VOLUME>	<FLAGS>
2026.01.05	00:03:31.323	156.699	156.812			6
2026.01.05	00:04:00.528	156.699				2
2026.01.05	00:04:50.528		156.812			4
2026.01.05	00:05:02.544	156.711	156.799			6
2026.01.05	00:05:03.549	156.724	156.801			6
2026.01.05	00:05:10.528		156.800			4
2026.01.05	00:05:18.769	156.717	156.814			6
2026.01.05	00:05:19.819	156.726	156.801			6
2026.01.05	00:05:22.437		156.803			4
2026.01.05	00:05:23.683	156.713	156.814			6
2026.01.05	00:05:26.837	156.706	156.859			6
2026.01.05	00:05:34.931	156.710				2
2026.01.05	00:05:38.475	156.722	156.943			6
2026.01.05	00:05:49.625	156.727	156.948			6
2026.01.05	00:06:00.142	156.727				2
2026.01.05	00:06:49.772		156.948			4
2026.01.05	00:06:59.124	156.724	156.945			6
2026.01.05	00:07:00.063	156.724				2
2026.01.05	00:07:05.310	156.728	156.949			6
2026.01.05	00:07:23.879	156.727	156.889			6
2026.01.05	00:07:25.714	156.728				2
2026.01.05	00:07:26.631		156.890			4
2026.01.05	00:07:32.447		156.891			4
2026.01.05	00:07:41.036	156.729				2
2026.01.05	00:07:42.572		156.896			4
2026.01.05	00:07:49.285	156.730				2
2026.01.05	00:07:55.717	156.729				2
2026.01.05	00:08:00.004	156.729				2
2026.01.05	00:08:01.535	156.728				2
2026.01.05	00:08:02.465	156.729				2
2026.01.05	00:08:05.842	156.742				2
2026.01.05	00:08:06.757		156.895			4
2026.01.05	00:08:09.518		156.896			4
2026.01.05	00:08:10.446		156.893			4
2026.01.05	00:08:11.062		156.894			4
2026.01.05	00:08:15.358		156.893			4
2026.01.05	00:08:16.271		156.895			4
2026.01.05	00:08:18.116		156.894			4
2026.01.05	00:08:21.496	156.741	156.895			6
2026.01.05	00:08:25.801	156.742				2
2026.01.05	00:08:28.563		156.905			4
2026.01.05	00:08:30.740		156.904			4
2026.01.05	00:08:31.048	156.741	156.902			6
2026.01.05	00:08:33.215	156.742				2
2026.01.05	00:08:33.826		156.900			4
2026.01.05	00:08:34.138		156.904			4
2026.01.05	00:08:37.536	156.741				2
2026.01.05	00:08:44.357		156.902			4
2026.01.05	00:08:51.191		156.885			4
2026.01.05	00:08:53.640		156.884			4
2026.01.05	00:09:00.099	156.741	156.897			6
2026.01.05	00:09:01.660		156.896			4
2026.01.05	00:09:06.005		156.894			4
2026.01.05	00:09:06.314		156.892			4
2026.01.05	00:09:06.620		156.890			4
2026.01.05	00:09:06.936		156.888			4
2026.01.05	00:09:13.770	156.740				2
2026.01.05	00:09:14.710	156.741				2
2026.01.05	00:09:15.337		156.889			4
2026.01.05	00:09:16.256		156.887			4
2026.01.05	00:09:16.568		156.886			4
2026.01.05	00:09:18.438		156.884			4
2026.01.05	00:09:19.673		156.882			4
2026.01.05	00:09:20.605	156.737	156.887			6
2026.01.05	00:09:20.914	156.736	156.885			6
2026.01.05	00:09:21.221	156.735				2
2026.01.05	00:09:21.535	156.710	156.887			6
2026.01.05	00:09:24.617	156.722				2
2026.01.05	00:09:24.928	156.712				2
2026.01.05	00:09:28.944		156.886			4
2026.01.05	00:09:34.243		156.884			4
2026.01.05	00:09:41.433		156.882			4
2026.01.05	00:09:41.753		156.881			4
2026.01.05	00:09:44.567		156.880			4
2026.01.05	00:09:45.192		156.878			4
2026.01.05	00:09:50.185		156.879			4
2026.01.05	00:09:51.752		156.878			4
2026.01.05	00:09:54.226		156.875			4
2026.01.05	00:09:55.151		156.876			4
2026.01.05	00:09:55.462		156.875			4
2026.01.05	00:09:55.770		156.873			4
2026.01.05	00:09:58.550		156.874			4
2026.01.05	00:10:00.095	156.712				2
2026.01.05	00:10:00.401	156.723	156.873			6
2026.01.05	00:10:05.952		156.872			4
2026.01.05	00:10:15.249		156.871			4
2026.01.05	00:10:28.223		156.868			4
2026.01.05	00:10:30.070		156.869			4
2026.01.05	00:10:49.223		156.866			4
2026.01.05	00:10:59.166		156.868			4
2026.01.05	00:11:00.097	156.723				2
2026.01.05	00:11:01.332		156.867			4
2026.01.05	00:11:06.915	156.722				2
2026.01.05	00:11:27.575		156.866			4
2026.01.05	00:11:43.906		156.865			4
2026.01.05	00:12:00.229	156.722	156.867			6
2026.01.05	00:12:15.327		156.866			4
2026.01.05	00:12:30.134		156.864			4
2026.01.05	00:12:47.800	156.721				2
2026.01.05	00:12:58.937		156.866			4
2026.01.05	00:12:59.249		156.865			4
2026.01.05	00:13:00.176	156.721				2
2026.01.05	00:13:04.517	156.720				2
2026.01.05	00:13:08.563	156.739	156.867			6
2026.01.05	00:13:21.258	156.740				2
2026.01.05	00:13:24.028		156.866			4
2026.01.05	00:13:35.760		156.864			4
2026.01.05	00:13:56.786	156.721	156.865			6
2026.01.05	00:13:57.714	156.722				2
2026.01.05	00:14:00.187	156.722				2
2026.01.05	00:14:02.346	156.744				2
2026.01.05	00:14:03.587		156.867			4
2026.01.05	00:14:05.122	156.745				2
2026.01.05	00:14:12.547		156.865			4
2026.01.05	00:14:15.008	156.746				2
2026.01.05	00:14:15.940		156.864			4
2026.01.05	00:14:18.742		156.865			4
2026.01.05	00:14:20.909		156.866			4
2026.01.05	00:14:22.759		156.865			4
2026.01.05	00:14:25.839		156.864			4
2026.01.05	00:14:28.321	156.747				2
2026.01.05	00:14:44.687	156.748				2
2026.01.05	00:14:51.483		156.866			4
2026.01.05	00:15:00.123	156.748				2
2026.01.05	00:15:00.433	156.749	156.865			6
2026.01.05	00:15:02.909	156.750				2
2026.01.05	00:15:03.214	156.749				2
2026.01.05	00:15:03.518	156.748				2
2026.01.05	00:15:03.834		156.863			4
2026.01.05	00:15:04.761		156.866			4
2026.01.05	00:15:05.685		156.864			4
2026.01.05	00:15:06.613	156.751				2
2026.01.05	00:15:07.849		156.863			4
2026.01.05	00:15:08.465		156.865			4
2026.01.05	00:15:11.865	156.761				2
2026.01.05	00:15:18.988	156.760				2
2026.01.05	00:15:20.532	156.761				2
2026.01.05	00:15:27.653	156.751				2
2026.01.05	00:15:30.436	156.753				2
2026.01.05	00:15:31.364		156.863			4
2026.01.05	00:15:32.906		156.864			4
2026.01.05	00:15:34.762		156.862			4
2026.01.05	00:15:35.072		156.860			4
2026.01.05	00:15:35.382		156.866			4
2026.01.05	00:15:36.010	156.754				2
2026.01.05	00:15:36.630	156.753	156.863			6
2026.01.05	00:15:36.931	156.755				2
2026.01.05	00:15:41.264		156.861			4
2026.01.05	00:15:43.417		156.858			4
2026.01.05	00:15:43.723		156.856			4
2026.01.05	00:15:44.946		156.854			4
2026.01.05	00:15:45.563	156.756				2
2026.01.05	00:15:46.176	156.760				2
2026.01.05	00:15:46.477	156.762				2
2026.01.05	00:15:54.120		156.850			4
2026.01.05	00:15:54.425	156.763				2
2026.01.05	00:16:00.251	156.763				2
2026.01.05	00:16:04.241	156.764				2
2026.01.05	00:16:11.290		156.848			4
2026.01.05	00:16:18.646		156.846			4
2026.01.05	00:16:19.265		156.845			4
2026.01.05	00:16:22.012	156.765				2
2026.01.05	00:16:22.316		156.844			4
2026.01.05	00:16:38.568	156.766	156.843			6
2026.01.05	00:16:41.314		156.841			4
2026.01.05	00:16:44.697		156.840			4
2026.01.05	00:16:46.529	156.755				2
2026.01.05	00:16:54.816		156.839			4
2026.01.05	00:16:58.802		156.841			4
2026.01.05	00:16:59.418	156.756				2
2026.01.05	00:17:00.036	156.756				2
2026.01.05	00:17:02.201		156.839			4
2026.01.05	00:17:05.292		156.838			4
2026.01.05	00:17:11.159		156.839			4
2026.01.05	00:17:13.320	156.757				2
2026.01.05	00:17:16.103		156.837			4
2026.01.05	00:17:18.265		156.838			4
2026.01.05	00:17:20.433		156.837			4
2026.01.05	00:17:21.048	156.758				2
2026.01.05	00:17:21.669		156.838			4
2026.01.05	00:17:21.979		156.839			4
2026.01.05	00:17:24.763		156.840			4
2026.01.05	00:17:25.995		156.838			4
2026.01.05	00:17:30.630		156.837			4
2026.01.05	00:17:34.642		156.838			4
2026.01.05	00:17:43.302		156.837			4
2026.01.05	00:17:44.845	156.759				2
2026.01.05	00:17:50.714		156.836			4
2026.01.05	00:18:00.278	156.759				2
2026.01.05	00:18:01.831	156.758	156.840			6
2026.01.05	00:18:07.700		156.839			4
2026.01.05	00:18:17.277	156.759				2
2026.01.05	00:18:39.228	156.760				2
2026.01.05	00:18:44.182		156.838			4
2026.01.05	00:18:50.078	156.743	156.818			6
2026.01.05	00:18:50.745	156.742				2
2026.01.05	00:18:57.072	156.743				2
2026.01.05	00:19:00.528	156.743				2
2026.01.05	00:19:05.956	156.729	156.830			6
2026.01.05	00:19:06.898		156.829			4
2026.01.05	00:19:07.821	156.731	156.833			6
2026.01.05	00:19:08.134		156.832			4
2026.01.05	00:19:08.441	156.734	156.835			6
2026.01.05	00:19:08.753		156.833			4
2026.01.05	00:19:09.989		156.832			4
2026.01.05	00:19:27.902		156.830			4
2026.01.05	00:19:35.939	156.731	156.833			6
2026.01.05	00:19:36.862	156.730				2
2026.01.05	00:19:41.184	156.729				2
2026.01.05	00:20:00.003	156.729				2
2026.01.05	00:20:02.778		156.834			4
2026.01.05	00:20:07.721		156.833			4
2026.01.05	00:20:08.030		156.836			4
2026.01.05	00:20:17.910		156.837			4
2026.01.05	00:20:18.836	156.732	156.832			6
2026.01.05	00:20:19.147	156.733				2
2026.01.05	00:20:20.074		156.831			4
2026.01.05	00:20:35.822	156.731	156.832			6
2026.01.05	00:20:42.621		156.831			4
2026.01.05	00:20:50.343	156.732				2
2026.01.05	00:21:00.220	156.732				2
2026.01.05	00:21:01.140	156.731				2
2026.01.05	00:21:07.638		156.834			4
2026.01.05	00:21:07.950		156.837			4
2026.01.05	00:21:11.955		156.835			4
2026.01.05	00:21:13.816	156.730				2
2026.01.05	00:21:19.985	156.732	156.831			6
2026.01.05	00:21:20.299		156.832			4
2026.01.05	00:21:36.050	156.729	156.833			6
2026.01.05	00:21:41.306	156.730	156.837			6
2026.01.05	00:22:00.184	156.730				2
2026.01.05	00:22:36.921	156.731				2
2026.01.05	00:22:39.074	156.730				2
2026.01.05	00:22:41.550		156.837			4
2026.01.05	00:22:43.708	156.731				2
2026.01.05	00:22:48.953	156.730				2
2026.01.05	00:23:00.078	156.731				2
2026.01.05	00:23:00.399		156.834			4
2026.01.05	00:23:01.638	156.730				2
2026.01.05	00:23:06.576		156.833			4
2026.01.05	00:23:06.888	156.731				2
2026.01.05	00:23:17.688	156.729	156.832			6
2026.01.05	00:23:20.150		156.834			4
2026.01.05	00:23:23.237	156.730	156.833			6
2026.01.05	00:23:34.978		156.832			4
2026.01.05	00:23:47.324		156.833			4
2026.01.05	00:23:51.965	156.728	156.832			6
2026.01.05	00:23:52.272		156.834			4
2026.01.05	00:23:54.435	156.729				2
2026.01.05	00:24:00.297	156.729				2
2026.01.05	00:24:28.161		156.844			4
2026.01.05	00:24:34.947		156.843			4
2026.01.05	00:24:41.129		156.845			4
2026.01.05	00:24:41.752		156.844			4
2026.01.05	00:24:51.968		156.833			4
2026.01.05	00:24:55.675	156.728				2
2026.01.05	00:24:55.978	156.727				2
2026.01.05	00:25:00.007	156.727				2
2026.01.05	00:25:00.933	156.728				2
2026.01.05	00:25:03.088		156.834			4
2026.01.05	00:25:55.990		156.832			4
2026.01.05	00:26:00.025	156.728				2
2026.01.05	00:26:13.323		156.879			4
2026.01.05	00:26:13.632		156.834			4
2026.01.05	00:26:35.901		156.833			4
2026.01.05	00:26:43.922		156.836			4
2026.01.05	00:26:53.828		156.835			4
2026.01.05	00:27:00.009	156.728				2
2026.01.05	00:27:16.069		156.836			4
2026.01.05	00:27:27.178		156.834			4
2026.01.05	00:27:41.669		156.846			4
2026.01.05	00:27:43.520		156.847			4
2026.01.05	00:27:44.445		156.846			4
2026.01.05	00:27:44.753		156.847			4
2026.01.05	00:27:45.063		156.846			4
2026.01.05	00:27:45.378		156.848			4
2026.01.05	00:27:54.350		156.840			4
2026.01.05	00:27:58.095		156.838			4
2026.01.05	00:27:59.943		156.836			4
2026.01.05	00:28:00.248	156.728				2
2026.01.05	00:28:05.203		156.835			4
2026.01.05	00:28:09.820		156.833			4
2026.01.05	00:28:14.142	156.726	156.840			6
2026.01.05	00:28:15.693	156.728	156.835			6
2026.01.05	00:28:24.963	156.726	156.842			6
2026.01.05	00:28:25.891	156.729	156.838			6
2026.01.05	00:28:26.196	156.727				2
2026.01.05	00:28:27.438	156.728	156.835			6
2026.01.05	00:28:27.742		156.838			4
2026.01.05	00:28:29.597	156.735	156.828			6
2026.01.05	00:28:30.212		156.826			4
2026.01.05	00:28:32.071		156.828			4
2026.01.05	00:28:38.865	156.733	156.830			6
2026.01.05	00:28:39.170		156.829			4
2026.01.05	00:28:42.873		156.828			4
2026.01.05	00:28:46.904		156.826			4
2026.01.05	00:28:49.061	156.732	156.825			6
2026.01.05	00:28:49.370		156.823			4
2026.01.05	00:28:50.299		156.821			4
2026.01.05	00:28:52.151	156.729	156.826			6
2026.01.05	00:28:52.463	156.727	156.825			6
2026.01.05	00:28:52.771		156.834			4
2026.01.05	00:28:53.390	156.726	156.839			6
2026.01.05	00:28:54.936	156.728	156.825			6
2026.01.05	00:28:55.246	156.726	156.826			6
2026.01.05	00:28:56.165		156.824			4
2026.01.05	00:28:56.473		156.827			4
2026.01.05	00:28:58.009	156.727	156.824			6
2026.01.05	00:29:00.172	156.727				2
2026.01.05	00:29:01.408	156.728				2
2026.01.05	00:29:01.721		156.823			4
2026.01.05	00:29:02.961		156.824			4
2026.01.05	00:29:03.895		156.823			4
2026.01.05	00:29:05.750		156.824			4
2026.01.05	00:29:06.058		156.822			4
2026.01.05	00:29:08.238		156.823			4
2026.01.05	00:29:08.550	156.725	156.832			6
2026.01.05	00:29:09.468	156.732	156.835			6
2026.01.05	00:29:09.780	156.730	156.826			6
2026.01.05	00:29:10.400	156.731	156.825			6
2026.01.05	00:29:10.708	156.733	156.824			6
2026.01.05	00:29:11.949	156.730				2
2026.01.05	00:29:12.568	156.733				2
2026.01.05	00:29:12.875		156.823			4
2026.01.05	00:29:13.810		156.824			4
2026.01.05	00:29:14.120	156.730	156.823			6
2026.01.05	00:29:16.597		156.822			4
2026.01.05	00:29:21.837		156.821			4
2026.01.05	00:29:25.538		156.820			4
2026.01.05	00:29:29.258		156.822			4
2026.01.05	00:29:30.492	156.731				2
2026.01.05	00:29:32.344	156.730	156.819			6
2026.01.05	00:29:33.267		156.817			4
2026.01.05	00:29:34.197	156.732	156.816			6
2026.01.05	00:29:34.818	156.733	156.817			6
2026.01.05	00:29:35.120	156.731				2
2026.01.05	00:29:37.288	156.732	156.816			6
2026.01.05	00:29:37.592	156.731	156.819			6
2026.01.05	00:29:38.524		156.818			4
2026.01.05	00:29:38.832		156.816			4
2026.01.05	00:29:39.143		156.818			4
2026.01.05	00:29:41.308		156.819			4
2026.01.05	00:29:41.929		156.818			4
2026.01.05	00:29:45.652		156.817			4
2026.01.05	00:29:46.884		156.814			4
2026.01.05	00:29:47.194		156.817			4
2026.01.05	00:29:47.498	156.732	156.814			6
2026.01.05	00:29:47.813	156.730	156.813			6
2026.01.05	00:29:48.128		156.812			4
2026.01.05	00:29:49.690	156.731				2
2026.01.05	00:29:50.622		156.810			4
2026.01.05	00:29:51.867		156.816			4
2026.01.05	00:29:52.491		156.815			4
2026.01.05	00:29:53.728	156.732	156.814			6
2026.01.05	00:29:54.037		156.820			4
2026.01.05	00:29:54.356		156.813			4
2026.01.05	00:29:54.659	156.735	156.822			6
2026.01.05	00:29:54.970	156.732	156.813			6
2026.01.05	00:29:55.278	156.735	156.819			6
2026.01.05	00:29:55.596	156.732	156.812			6
2026.01.05	00:29:55.905	156.735	156.820			6
2026.01.05	00:29:56.215	156.729	156.816			6
2026.01.05	00:29:56.518	156.731	156.820			6
2026.01.05	00:29:56.828	156.734	156.825			6
2026.01.05	00:29:57.138	156.729	156.819			6
2026.01.05	00:29:58.991	156.732	156.813			6
2026.01.05	00:29:59.297	156.730				2
2026.01.05	00:30:00.227	156.723	156.809			6
2026.01.05	00:30:01.155	156.722				2
2026.01.05	00:30:02.389	156.723	156.811			6
2026.01.05	00:30:03.626	156.730	156.812			6
2026.01.05	00:30:04.248	156.731				2
2026.01.05	00:30:04.550		156.813			4
2026.01.05	00:30:09.477	156.730	156.811			6
2026.01.05	00:30:09.785	156.728	156.812			6
2026.01.05	00:30:11.942		156.811			4
2026.01.05	00:30:12.557	156.726	156.807			6
2026.01.05	00:30:12.863	156.720	156.805			6
2026.01.05	00:30:13.177		156.807			4
2026.01.05	00:30:14.103	156.722	156.806			6
2026.01.05	00:30:14.410		156.805			4
2026.01.05	00:30:15.033	156.720	156.807			6
2026.01.05	00:30:15.346	156.728	156.823			6
2026.01.05	00:30:15.654	156.724	156.808			6
2026.01.05	00:30:15.962	156.723				2
2026.01.05	00:30:16.879	156.722	156.809			6
2026.01.05	00:30:18.416	156.724	156.810			6
2026.01.05	00:30:18.721	156.723	156.807			6
2026.01.05	00:30:19.025		156.808			4
2026.01.05	00:30:19.963		156.807			4
2026.01.05	00:30:20.890	156.722	156.808			6
2026.01.05	00:30:21.196	156.723				2
2026.01.05	00:30:22.123	156.736	156.813			6
2026.01.05	00:30:22.430	156.724	156.809			6
2026.01.05	00:30:22.750	156.725				2
2026.01.05	00:30:23.689		156.810			4
2026.01.05	00:30:25.856	156.726	156.812			6
2026.01.05	00:30:26.162	156.725	156.810			6
2026.01.05	00:30:27.403		156.809			4
2026.01.05	00:30:28.642		156.808			4
2026.01.05	00:30:31.419	156.729	156.810			6
2026.01.05	00:30:31.727	156.723	156.805			6
2026.01.05	00:30:32.037		156.808			4
2026.01.05	00:30:36.967		156.809			4
2026.01.05	00:30:37.270	156.724	156.807			6
2026.01.05	00:30:37.588	156.727	156.808			6
2026.01.05	00:30:37.893	156.732	156.819			6
2026.01.05	00:30:38.198	156.725	156.806			6
2026.01.05	00:30:38.503	156.726	156.807			6
2026.01.05	00:30:39.126	156.723	156.806			6
2026.01.05	00:30:40.667	156.724	156.807			6
2026.01.05	00:30:42.519	156.723				2
2026.01.05	00:30:42.820	156.724				2
2026.01.05	00:30:43.136	156.734	156.818			6
2026.01.05	00:30:43.447	156.738	156.822			6
2026.01.05	00:30:43.755	156.729	156.808			6
2026.01.05	00:30:44.061	156.739	156.817			6
2026.01.05	00:30:44.372	156.738	156.816			6
2026.01.05	00:30:44.679	156.744	156.819			6
2026.01.05	00:30:44.990	156.750	156.826			6
2026.01.05	00:30:45.292	156.743	156.820			6
2026.01.05	00:30:45.609	156.739	156.818			6
2026.01.05	00:30:46.535	156.743	156.819			6
2026.01.05	00:30:46.843	156.742	156.827			6
2026.01.05	00:30:47.155	156.750	156.828			6
2026.01.05	00:30:47.458	156.740	156.819			6
2026.01.05	00:30:48.698	156.742	156.828			6
2026.01.05	00:30:49.000		156.822			4
2026.01.05	00:30:49.302	156.743				2
2026.01.05	00:30:51.157	156.741	156.819			6
2026.01.05	00:30:51.465	156.740	156.818			6
2026.01.05	00:30:52.390	156.739	156.817			6
2026.01.05	00:30:53.928	156.736	156.815			6
2026.01.05	00:30:54.239	156.748	156.825			6
2026.01.05	00:30:54.545	156.756	156.828			6
2026.01.05	00:30:54.853	156.741	156.817			6
2026.01.05	00:30:55.164		156.816			4
2026.01.05	00:30:56.401		156.817			4
2026.01.05	00:30:57.018		156.819			4
2026.01.05	00:30:57.326	156.750	156.823			6
2026.01.05	00:30:57.636	156.741	156.819			6
2026.01.05	00:30:58.562	156.742				2
2026.01.05	00:30:59.490	156.749	156.826			6
2026.01.05	00:30:59.797	156.757	156.829			6
2026.01.05	00:31:00.099	156.748	156.824			6
2026.01.05	00:31:00.415	156.749				2
2026.01.05	00:31:00.721	156.754	156.829			6
2026.01.05	00:31:01.029	156.748	156.823			6
2026.01.05	00:31:01.347	156.744	156.821			6
2026.01.05	00:31:02.881	156.741	156.819			6
2026.01.05	00:31:03.192	156.754	156.828			6
2026.01.05	00:31:03.498	156.741	156.817			6
2026.01.05	00:31:04.436		156.818			4
2026.01.05	00:31:04.748		156.819			4
2026.01.05	00:31:05.670		156.820			4
2026.01.05	00:31:08.136	156.743	156.819			6
2026.01.05	00:31:08.450	156.741	156.818			6
2026.01.05	00:31:09.374	156.743	156.820			6
2026.01.05	00:31:09.680	156.740				2
2026.01.05	00:31:09.995	156.743				2
2026.01.05	00:31:10.296	156.744				2
2026.01.05	00:31:10.597	156.749	156.828			6
2026.01.05	00:31:10.900		156.825			4
2026.01.05	00:31:11.208	156.743	156.818			6
2026.01.05	00:31:12.746	156.746	156.820			6
2026.01.05	00:31:13.057	156.751	156.826			6
2026.01.05	00:31:13.360	156.742	156.819			6
2026.01.05	00:31:13.677	156.740	156.817			6
2026.01.05	00:31:17.679	156.753	156.834			6
2026.01.05	00:31:17.989	156.756	156.839			6
2026.01.05	00:31:18.289	156.755	156.837			6
2026.01.05	00:31:21.381	156.753	156.838			6
2026.01.05	00:31:22.008	156.755	156.837			6
2026.01.05	00:31:26.638		156.836			4
2026.01.05	00:31:26.953	156.756				2
2026.01.05	00:31:28.203		156.838			4
2026.01.05	00:31:29.132		156.837			4
2026.01.05	00:31:34.377	156.755	156.841			6
2026.01.05	00:31:34.998		156.839			4
2026.01.05	00:31:35.918	156.754				2
2026.01.05	00:31:37.149	156.755	156.838			6
2026.01.05	00:31:39.326	156.756				2
2026.01.05	00:31:40.555	156.757				2
2026.01.05	00:31:40.863	156.755	156.839			6
2026.01.05	00:31:41.169		156.838			4
2026.01.05	00:31:43.326		156.836			4
2026.01.05	00:31:45.486	156.756	156.837			6
2026.01.05	00:31:45.796	156.741	156.839			6
2026.01.05	00:31:46.406	156.743				2
2026.01.05	00:31:47.037	156.747	156.832			6
2026.01.05	00:31:47.338		156.828			4
2026.01.05	00:31:48.269		156.829			4
2026.01.05	00:31:49.808	156.748				2
2026.01.05	00:31:52.597		156.830			4
2026.01.05	00:31:52.906	156.747				2
2026.01.05	00:31:54.450	156.748				2
2026.01.05	00:32:00.050	156.748				2
2026.01.05	00:32:00.357		156.829			4
2026.01.05	00:32:05.000	156.747				2
2026.01.05	00:32:07.465	156.748				2
2026.01.05	00:32:17.933		156.830			4
2026.01.05	00:32:19.480		156.829			4
2026.01.05	00:32:24.420	156.749	156.830			6
2026.01.05	00:32:25.662	156.748	156.829			6
2026.01.05	00:32:29.056		156.828			4
2026.01.05	00:32:41.742		156.827			4
2026.01.05	00:32:43.295	156.750	156.828			6
2026.01.05	00:32:45.474		156.827			4
2026.01.05	00:32:48.260		156.828			4
2026.01.05	00:33:00.006	156.750				2
2026.01.05	00:33:00.628		156.827			4
2026.01.05	00:33:05.879	156.758	156.837			6
2026.01.05	00:33:06.497	156.762				2
2026.01.05	00:33:12.700	156.759	156.834			6
2026.01.05	00:33:13.015		156.833			4
2026.01.05	00:33:13.322	156.758	156.834			6
2026.01.05	00:33:13.638		156.833			4
2026.01.05	00:33:13.950	156.757				2
2026.01.05	00:33:15.188	156.758				2
2026.01.05	00:33:17.350		156.832			4
2026.01.05	00:33:18.902	156.757				2
2026.01.05	00:33:19.826		156.833			4
2026.01.05	00:33:20.452	156.758				2
2026.01.05	00:33:22.313		156.832			4
2026.01.05	00:33:22.623		156.834			4
2026.01.05	00:33:25.402	156.759	156.835			6
2026.01.05	00:33:26.014	156.758	156.834			6
2026.01.05	00:33:26.945	156.760	156.836			6
2026.01.05	00:33:27.565	156.758				2
2026.01.05	00:33:27.880	156.760	156.835			6
2026.01.05	00:33:28.821	156.759	156.834			6
2026.01.05	00:33:30.052	156.760	156.833			6
2026.01.05	00:33:33.162	156.759	156.834			6
2026.01.05	00:33:36.623	156.761	156.836			6
2026.01.05	00:33:36.940	156.760	156.835			6
2026.01.05	00:33:38.197	156.762	156.836			6
2026.01.05	00:33:41.015		156.835			4
2026.01.05	00:33:41.936	156.760				2
2026.01.05	00:33:42.246	156.763	156.834			6
2026.01.05	00:33:44.402		156.835			4
2026.01.05	00:33:45.017		156.836			4
2026.01.05	00:33:46.258	156.761	156.835			6
2026.01.05	00:33:49.350	156.763	156.836			6
2026.01.05	00:33:50.912	156.761				2
2026.01.05	00:33:51.221		156.835			4
2026.01.05	00:33:51.840		156.834			4
2026.01.05	00:33:52.459	156.762	156.835			6
2026.01.05	00:33:58.338	156.763				2
2026.01.05	00:34:00.192	156.763	156.836			6
2026.01.05	00:34:03.278		156.835			4
2026.01.05	00:34:10.074		156.834			4
2026.01.05	00:34:13.469	156.764				2
2026.01.05	00:34:14.704		156.836			4
2026.01.05	00:34:15.013		156.837			4
2026.01.05	00:34:18.409		156.838			4
2026.01.05	00:34:20.882	156.769				2
2026.01.05	00:34:35.725	156.773				2
2026.01.05	00:34:40.047	156.768	156.839			6
2026.01.05	00:34:40.976	156.766	156.838			6
2026.01.05	00:34:41.280	156.767				2
2026.01.05	00:34:41.890	156.766				2
2026.01.05	00:34:42.208	156.767				2
2026.01.05	00:34:42.828	156.766				2
2026.01.05	00:34:43.136	156.767	156.839			6
2026.01.05	00:34:45.604	156.746	156.822			6
2026.01.05	00:34:45.936		156.821			4
2026.01.05	00:34:51.119	156.758	156.819			6
2026.01.05	00:34:51.758		156.818			4
2026.01.05	00:34:52.136		156.817			4
2026.01.05	00:34:53.137	156.747	156.816			6
2026.01.05	00:34:53.453	156.743	156.820			6
2026.01.05	00:34:53.758	156.744	156.821			6
2026.01.05	00:34:54.411	156.749	156.817			6
2026.01.05	00:34:55.135	156.747	156.818			6
2026.01.05	00:34:56.137	156.754	156.816			6
2026.01.05	00:35:00.529	156.754				2
2026.01.05	00:35:09.666	156.739	156.808			6
2026.01.05	00:35:11.136	156.736	156.817			6
2026.01.05	00:35:11.443	156.739	156.807			6
2026.01.05	00:35:19.027	156.740	156.810			6
2026.01.05	00:35:36.496		156.809			4
2026.01.05	00:35:48.902	156.739	156.811			6
2026.01.05	00:35:49.213		156.809			4
2026.01.05	00:35:59.734	156.738	156.810			6
2026.01.05	00:36:00.038	156.738				2
2026.01.05	00:36:04.987		156.808			4
2026.01.05	00:36:09.622		156.809			4
2026.01.05	00:36:09.927		156.808			4
2026.01.05	00:36:10.558		156.809			4
2026.01.05	00:36:13.294		156.808			4
2026.01.05	00:36:20.391		156.809			4
2026.01.05	00:36:21.134		156.808			4
2026.01.05	00:36:29.774	156.739				2
2026.01.05	00:36:49.789		156.810			4
2026.01.05	00:36:50.093		156.808			4
2026.01.05	00:36:57.593	156.740	156.809			6
2026.01.05	00:37:00.060	156.740	156.808			6
2026.01.05	00:37:00.364		156.809			4
2026.01.05	00:37:00.986		156.808			4
2026.01.05	00:37:01.289		156.809			4
2026.01.05	00:37:05.015	156.739				2
2026.01.05	00:37:09.662	156.740	156.808			6
2026.01.05	00:37:19.885	156.739	156.809			6
2026.01.05	00:37:22.041	156.733	156.796			6
2026.01.05	00:37:23.137		156.797			4
2026.01.05	00:37:24.940		156.798			4
2026.01.05	00:37:50.528	156.734				2
2026.01.05	00:37:57.592	156.735				2
2026.01.05	00:38:00.063	156.735				2
2026.01.05	00:38:21.398		156.799			4
2026.01.05	00:38:27.867		156.798			4
2026.01.05	00:38:29.713		156.799			4
2026.01.05	00:39:00.529	156.735				2
2026.01.05	00:39:22.204		156.797			4
2026.01.05	00:39:25.143	156.736				2
2026.01.05	00:39:28.539		156.796			4
2026.01.05	00:39:32.143		156.799			4
2026.01.05	00:39:36.887	156.737	156.792			6
2026.01.05	00:39:37.199	156.736	156.793			6
2026.01.05	00:39:37.515		156.795			4
2026.01.05	00:39:39.350		156.796			4
2026.01.05	00:39:40.238	156.737				2
2026.01.05	00:39:42.943	156.736	156.791			6
2026.01.05	00:39:43.293		156.792			4
2026.01.05	00:39:45.138		156.794			4
2026.01.05	00:39:47.567		156.798			4
2026.01.05	00:39:48.232		156.797			4
2026.01.05	00:39:48.539	156.737				2
2026.01.05	00:39:48.937	156.739				2
2026.01.05	00:39:49.578	156.736	156.791			6
2026.01.05	00:39:54.339		156.795			4
2026.01.05	00:39:55.840		156.794			4
2026.01.05	00:39:57.040		156.795			4
2026.01.05	00:39:57.701		156.794			4
2026.01.05	00:40:01.382	156.736				2
2026.01.05	00:40:02.385		156.798			4
2026.01.05	00:40:07.204		156.795			4
2026.01.05	00:40:17.597		156.798			4
2026.01.05	00:40:37.203		156.793			4
2026.01.05	00:40:47.223		156.798			4
2026.01.05	00:40:49.587	156.735	156.797			6
2026.01.05	00:41:01.539	156.735				2
2026.01.05	00:41:07.209		156.794			4
2026.01.05	00:41:10.695		156.792			4
2026.01.05	00:41:17.251		156.796			4
2026.01.05	00:41:22.203		156.792			4
2026.01.05	00:41:28.836		156.791			4
2026.01.05	00:41:32.465		156.796			4
2026.01.05	00:41:36.343		156.795			4
2026.01.05	00:41:37.205		156.791			4
2026.01.05	00:41:39.585	156.732	156.793			6
2026.01.05	00:41:39.902		156.792			4
2026.01.05	00:41:42.040		156.791			4
2026.01.05	00:41:42.697		156.790			4
2026.01.05	00:41:43.510	156.731	156.797			6
2026.01.05	00:41:43.821	156.732	156.796			6
2026.01.05	00:41:44.629	156.734	156.792			6
2026.01.05	00:41:47.278		156.796			4
2026.01.05	00:41:52.206		156.792			4
2026.01.05	00:41:53.702		156.793			4
2026.01.05	00:41:56.740		156.792			4
2026.01.05	00:41:57.942		156.793			4
2026.01.05	00:42:01.244	156.734	156.792			6
2026.01.05	00:42:02.494		156.796			4
2026.01.05	00:42:09.051		156.793			4
2026.01.05	00:42:09.363		156.795			4
2026.01.05	00:42:11.757		156.796			4
2026.01.05	00:42:22.279		156.791			4
2026.01.05	00:42:24.440		156.792			4
2026.01.05	00:42:24.903		156.791			4
2026.01.05	00:42:32.518		156.796			4
2026.01.05	00:42:34.542		156.795			4
2026.01.05	00:42:37.210		156.788			4
2026.01.05	00:42:47.140		156.795			4
2026.01.05	00:43:00.503	156.734	156.796			6
2026.01.05	00:43:06.073	156.736	156.790			6
2026.01.05	00:43:06.378		156.795			4
2026.01.05	00:43:07.278		156.792			4
2026.01.05	00:43:08.700		156.794			4
2026.01.05	00:43:09.019		156.791			4
2026.01.05	00:43:15.372		156.790			4
2026.01.05	00:43:20.657		156.792			4
2026.01.05	00:43:20.959		156.791			4
2026.01.05	00:43:21.277		156.793			4
2026.01.05	00:43:22.209		156.790			4
2026.01.05	00:43:23.990		156.791			4
2026.01.05	00:43:26.255		156.790			4
2026.01.05	00:43:28.751		156.791			4
2026.01.05	00:43:32.578	156.738				2
2026.01.05	00:43:37.204	156.736				2
2026.01.05	00:43:37.630		156.790			4
2026.01.05	00:43:37.938		156.789			4
2026.01.05	00:43:38.342		156.790			4
2026.01.05	00:43:38.759		156.789			4
2026.01.05	00:43:39.104		156.788			4
2026.01.05	00:43:39.732	156.739	156.791			6
2026.01.05	00:43:40.037	156.735				2
2026.01.05	00:43:40.362	156.739	156.792			6
2026.01.05	00:43:40.989	156.736	156.788			6
2026.01.05	00:43:48.198		156.789			4
2026.01.05	00:44:00.339	156.736				2
2026.01.05	00:44:10.114	156.739				2
2026.01.05	00:44:10.421	156.735	156.791			6
2026.01.05	00:44:10.743	156.739	156.792			6
2026.01.05	00:44:12.138	156.737	156.793			6
2026.01.05	00:44:13.886		156.792			4
2026.01.05	00:44:19.241		156.793			4
2026.01.05	00:44:25.259	156.740	156.794			6
2026.01.05	00:44:27.094	156.737	156.792			6
2026.01.05	00:44:32.228		156.793			4
2026.01.05	00:44:35.518		156.792			4
2026.01.05	00:44:56.997	156.732	156.793			6
2026.01.05	00:44:57.298		156.794			4
2026.01.05	00:45:00.860	156.733				2
2026.01.05	00:45:03.193	156.703	156.797			6
2026.01.05	00:45:06.609	156.733	156.794			6
2026.01.05	00:45:13.810	156.747	156.780			6
2026.01.05	00:45:22.093	156.745	156.778			6
2026.01.05	00:45:27.096	156.748	156.780			6
2026.01.05	00:45:27.398	156.745	156.779			6
2026.01.05	00:46:09.828	156.745				2
2026.01.05	00:46:28.240		156.779			4
2026.01.05	00:47:00.528	156.745				2
2026.01.05	00:47:03.216	156.727	156.793			6
2026.01.05	00:47:05.381	156.726	156.792			6
2026.01.05	00:47:06.635	156.745	156.779			6
2026.01.05	00:47:10.432		156.778			4
2026.01.05	00:47:23.251		156.777			4
2026.01.05	00:47:31.840		156.776			4
2026.01.05	00:47:35.739		156.777			4
2026.01.05	00:47:47.211		156.779			4
2026.01.05	00:48:00.533	156.745				2
2026.01.05	00:48:25.154	156.741	156.771			6
2026.01.05	00:48:32.141	156.740				2
2026.01.05	00:48:33.524	156.741				2
2026.01.05	00:48:40.540	156.740				2
2026.01.05	00:49:00.041	156.740				2
2026.01.05	00:49:07.000		156.763			4
2026.01.05	00:49:09.341	156.741				2
2026.01.05	00:49:10.843	156.740				2
2026.01.05	00:49:33.144	156.741				2
2026.01.05	00:49:35.197		156.766			4
2026.01.05	00:49:55.059	156.742				2
2026.01.05	00:49:58.753	156.739				2
2026.01.05	00:50:00.940	156.740				2
2026.01.05	00:50:12.940	156.739				2
2026.01.05	00:50:15.039	156.740				2
2026.01.05	00:50:19.840	156.739				2
2026.01.05	00:50:25.191	156.737				2
2026.01.05	00:50:36.515		156.766			4
2026.01.05	00:50:55.055	156.736				2
2026.01.05	00:51:01.387	156.736				2
2026.01.05	00:51:11.442	156.735				2
2026.01.05	00:51:20.227	156.736	156.764			6
2026.01.05	00:51:22.841	156.735	156.762			6
2026.01.05	00:51:23.160	156.739	156.767			6
2026.01.05	00:51:23.538	156.740				2
2026.01.05	00:51:27.114	156.741				2
2026.01.05	00:51:30.807	156.740				2
2026.01.05	00:51:32.569	156.739				2
2026.01.05	00:51:33.021	156.737	156.765			6
2026.01.05	00:51:37.206		156.768			4
2026.01.05	00:51:37.519	156.738				2
2026.01.05	00:51:53.741	156.737				2
2026.01.05	00:52:00.529	156.737				2
2026.01.05	00:52:15.538	156.735				2
2026.01.05	00:52:16.797	156.736				2
2026.01.05	00:52:24.342	156.737				2
2026.01.05	00:52:26.522	156.736				2
2026.01.05	00:52:27.209	156.735				2
2026.01.05	00:52:32.275	156.738				2
2026.01.05	00:52:34.840	156.737				2
2026.01.05	00:52:37.207		156.768			4
2026.01.05	00:53:00.939	156.737				2
2026.01.05	00:53:04.909	156.738				2
2026.01.05	00:53:22.968		156.769			4
2026.01.05	00:53:42.501	156.733	156.764			6
2026.01.05	00:53:43.750	156.729	156.762			6
2026.01.05	00:53:47.542		156.764			4
2026.01.05	00:53:51.641	156.728				2
2026.01.05	00:53:52.208		156.761			4
2026.01.05	00:53:57.742	156.730				2
2026.01.05	00:54:02.440	156.730				2
2026.01.05	00:54:02.757	156.732	156.765			6
2026.01.05	00:54:06.640	156.731				2
2026.01.05	00:54:10.242	156.730				2
2026.01.05	00:54:17.570	156.731				2
2026.01.05	00:54:26.478	156.730	156.763			6
2026.01.05	00:54:41.920		156.775			4
2026.01.05	00:54:42.221	156.729	156.772			6
2026.01.05	00:54:42.525	156.730				2
2026.01.05	00:54:43.759		156.773			4
2026.01.05	00:54:44.061		156.772			4
2026.01.05	00:54:44.370		156.773			4
2026.01.05	00:54:46.529	156.731				2
2026.01.05	00:54:47.150	156.737	156.776			6
2026.01.05	00:54:47.454		156.775			4
2026.01.05	00:54:47.761	156.733	156.774			6
2026.01.05	00:54:48.071	156.741	156.775			6
2026.01.05	00:54:48.379		156.777			4
2026.01.05	00:54:50.542	156.742				2
2026.01.05	00:54:50.856		156.778			4
2026.01.05	00:54:53.016	156.733	156.776			6
2026.01.05	00:54:53.627	156.737	156.778			6
2026.01.05	00:54:53.940	156.734	156.777			6
2026.01.05	00:54:54.865	156.728	156.774			6
2026.01.05	00:54:55.167	156.729	156.773			6
2026.01.05	00:54:58.887	156.730	156.772			6
2026.01.05	00:54:59.503	156.734	156.775			6
2026.01.05	00:54:59.808	156.738	156.779			6
2026.01.05	00:55:00.120	156.731	156.771			6
2026.01.05	00:55:00.427	156.737	156.782			6
2026.01.05	00:55:00.731	156.740	156.780			6
2026.01.05	00:55:01.657	156.739				2
2026.01.05	00:55:01.960	156.735	156.778			6
2026.01.05	00:55:02.875	156.736				2
2026.01.05	00:55:03.182		156.779			4
2026.01.05	00:55:03.491	156.733	156.774			6
2026.01.05	00:55:03.805		156.773			4
2026.01.05	00:55:04.118	156.732	156.772			6
2026.01.05	00:55:04.424		156.774			4
2026.01.05	00:55:04.727	156.731	156.773			6
2026.01.05	00:55:05.042	156.728	156.771			6
2026.01.05	00:55:05.348	156.730				2
2026.01.05	00:55:05.964	156.729				2
2026.01.05	00:55:06.271	156.726	156.769			6
2026.01.05	00:55:06.585	156.728	156.771			6
2026.01.05	00:55:07.509		156.772			4
2026.01.05	00:55:07.816	156.727	156.768			6
2026.01.05	00:55:08.118	156.726	156.769			6
2026.01.05	00:55:08.435	156.727				2
2026.01.05	00:55:08.741	156.729	156.771			6
2026.01.05	00:55:09.054		156.772			4
2026.01.05	00:55:09.980		156.771			4
2026.01.05	00:55:10.289	156.731	156.773			6
2026.01.05	00:55:10.906	156.730	156.772			6
2026.01.05	00:55:11.212	156.727	156.769			6
2026.01.05	00:55:11.520	156.728	156.772			6
2026.01.05	00:55:12.144	156.729				2
2026.01.05	00:55:12.448	156.728				2
2026.01.05	00:55:12.756	156.727	156.769			6
2026.01.05	00:55:13.067	156.729	156.770			6
2026.01.05	00:55:13.374	156.728	156.769			6
2026.01.05	00:55:13.681	156.725	156.767			6
2026.01.05	00:55:14.613	156.719	156.763			6
2026.01.05	00:55:14.919	156.724	156.766			6
2026.01.05	00:55:16.170	156.726	156.770			6
2026.01.05	00:55:16.486		156.769			4
2026.01.05	00:55:16.796	156.725	156.768			6
2026.01.05	00:55:17.107	156.722	156.767			6
2026.01.05	00:55:17.411	156.724	156.766			6
2026.01.05	00:55:18.355	156.720	156.764			6
2026.01.05	00:55:18.670	156.721	156.762			6
2026.01.05	00:55:19.283	156.724	156.764			6
2026.01.05	00:55:19.599	156.723	156.766			6
2026.01.05	00:55:19.902	156.724	156.768			6
2026.01.05	00:55:20.218		156.767			4
2026.01.05	00:55:20.845	156.725				2
2026.01.05	00:55:21.162		156.768			4
2026.01.05	00:55:22.090	156.726	156.770			6
2026.01.05	00:55:22.408	156.727				2
2026.01.05	00:55:22.713	156.724	156.767			6
2026.01.05	00:55:23.033		156.765			4
2026.01.05	00:55:23.339	156.725	156.768			6
2026.01.05	00:55:23.657	156.726				2
2026.01.05	00:55:23.958	156.720	156.765			6
2026.01.05	00:55:24.269	156.718	156.763			6
2026.01.05	00:55:24.576	156.723	156.765			6
2026.01.05	00:55:25.810	156.718	156.762			6
2026.01.05	00:55:26.443	156.721				2
2026.01.05	00:55:26.763	156.727	156.770			6
2026.01.05	00:55:27.070		156.769			4
2026.01.05	00:55:27.393	156.725	156.767			6
2026.01.05	00:55:27.698	156.726				2
2026.01.05	00:55:29.253	156.727	156.771			6
2026.01.05	00:55:29.561	156.729				2
2026.01.05	00:55:29.877	156.727	156.769			6
2026.01.05	00:55:30.189	156.726	156.765			6
2026.01.05	00:55:30.500		156.768			4
2026.01.05	00:55:30.804	156.725				2
2026.01.05	00:55:31.128	156.723	156.766			6
2026.01.05	00:55:31.444	156.726	156.769			6
2026.01.05	00:55:31.749	156.727				2
2026.01.05	00:55:33.012		156.770			4
2026.01.05	00:55:33.947	156.723	156.764			6
2026.01.05	00:55:35.503	156.720	156.762			6
2026.01.05	00:55:38.926	156.721				2
2026.01.05	00:55:39.234	156.722	156.763			6
2026.01.05	00:55:39.543	156.726	156.764			6
2026.01.05	00:55:39.852	156.721	156.762			6
2026.01.05	00:55:40.159	156.720	156.763			6
2026.01.05	00:55:40.478	156.721	156.762			6
2026.01.05	00:55:40.790	156.723	156.769			6
2026.01.05	00:55:41.101		156.772			4
2026.01.05	00:55:41.424	156.727	156.774			6
2026.01.05	00:55:42.345	156.732	156.778			6
2026.01.05	00:55:42.654	156.733	156.780			6
2026.01.05	00:55:44.531	156.735	156.784			6
2026.01.05	00:55:44.850		156.785			4
2026.01.05	00:55:45.782		156.782			4
2026.01.05	00:55:46.100	156.736				2
2026.01.05	00:55:56.091	156.727	156.780			6
2026.01.05	00:55:56.399	156.734	156.782			6
2026.01.05	00:55:57.336		156.781			4
2026.01.05	00:55:58.586		156.785			4
2026.01.05	00:56:00.146	156.734				2
2026.01.05	00:56:02.002	156.735				2
2026.01.05	00:56:06.670	156.732	156.783			6
2026.01.05	00:56:06.987	156.731	156.781			6
2026.01.05	00:56:09.461	156.722	156.768			6
2026.01.05	00:56:09.770	156.728	156.773			6
2026.01.05	00:56:11.009	156.722	156.769			6
2026.01.05	00:56:12.237	156.728	156.778			6
2026.01.05	00:56:12.540	156.727	156.780			6
2026.01.05	00:56:13.466	156.731	156.781			6
2026.01.05	00:56:15.642	156.725	156.780			6
2026.01.05	00:56:15.962	156.731	156.781			6
2026.01.05	00:56:16.898		156.784			4
2026.01.05	00:56:17.201		156.781			4
2026.01.05	00:56:19.050		156.776			4
2026.01.05	00:56:19.359	156.722	156.780			6
2026.01.05	00:56:19.671	156.725	156.781			6
2026.01.05	00:56:19.978	156.731	156.783			6
2026.01.05	00:56:21.215	156.728	156.781			6
2026.01.05	00:56:21.520	156.727	156.783			6
2026.01.05	00:56:22.143	156.725	156.785			6
2026.01.05	00:56:23.065	156.728	156.779			6
2026.01.05	00:56:23.374	156.720	156.771			6
2026.01.05	00:56:23.678	156.719	156.765			6
2026.01.05	00:56:24.296		156.764			4
2026.01.05	00:56:24.611		156.763			4
2026.01.05	00:56:30.216		156.765			4
2026.01.05	00:56:31.144	156.720	156.766			6
2026.01.05	00:56:32.076		156.767			4
2026.01.05	00:56:32.394		156.765			4
2026.01.05	00:56:33.015		156.767			4
2026.01.05	00:56:34.881	156.719	156.764			6
2026.01.05	00:56:35.201	156.721	156.767			6
2026.01.05	00:56:36.127	156.720				2
2026.01.05	00:56:37.050		156.770			4
2026.01.05	00:56:37.362		156.764			4
2026.01.05	00:56:37.665	156.719				2
2026.01.05	00:56:37.979		156.765			4
2026.01.05	00:56:38.286	156.720				2
2026.01.05	00:56:38.594		156.766			4
2026.01.05	00:56:39.536	156.718	156.765			6
2026.01.05	00:56:39.851		156.762			4
2026.01.05	00:56:45.103	156.719	156.763			6
2026.01.05	00:56:45.418		156.767			4
2026.01.05	00:56:46.663	156.720				2
2026.01.05	00:56:47.593	156.721	156.766			6
2026.01.05	00:56:48.520	156.720				2
2026.01.05	00:56:49.149		156.767			4
2026.01.05	00:56:49.451		156.766			4
2026.01.05	00:56:50.077	156.727	156.769			6
2026.01.05	00:56:50.394	156.722	156.770			6
2026.01.05	00:56:50.697	156.727	156.771			6
2026.01.05	00:56:51.012	156.728	156.761			6
2026.01.05	00:56:51.319	156.729	156.760			6
2026.01.05	00:56:51.628	156.728	156.759			6
2026.01.05	00:56:51.940		156.761			4
2026.01.05	00:56:52.250	156.722				2
2026.01.05	00:56:52.553	156.726	156.759			6
2026.01.05	00:56:52.864	156.725				2
2026.01.05	00:56:53.178	156.729				2
2026.01.05	00:56:53.501		156.761			4
2026.01.05	00:56:53.809		156.760			4
2026.01.05	00:56:54.120	156.730	156.762			6
2026.01.05	00:56:55.050	156.729				2
2026.01.05	00:56:55.359	156.716	156.763			6
2026.01.05	00:56:55.662	156.731	156.759			6
2026.01.05	00:56:55.978	156.712	156.760			6
2026.01.05	00:56:56.281	156.718	156.758			6
2026.01.05	00:56:57.217	156.716	156.756			6
2026.01.05	00:56:58.468	156.715				2
2026.01.05	00:56:59.405		156.757			4
2026.01.05	00:57:00.029	156.717				2
2026.01.05	00:57:00.338	156.712				2
2026.01.05	00:57:00.649		156.759			4
2026.01.05	00:57:01.277		156.763			4
2026.01.05	00:57:01.901		156.757			4
2026.01.05	00:57:02.220		156.760			4
2026.01.05	00:57:02.536		156.762			4
2026.01.05	00:57:03.159		156.760			4
2026.01.05	00:57:04.410		156.759			4
2026.01.05	00:57:05.033		156.761			4
2026.01.05	00:57:05.350		156.757			4
2026.01.05	00:57:05.652		156.758			4
2026.01.05	00:57:05.956		156.759			4
2026.01.05	00:57:06.260		156.758			4
2026.01.05	00:57:06.574		156.760			4
2026.01.05	00:57:07.832		156.759			4
2026.01.05	00:57:08.759	156.731	156.779			6
2026.01.05	00:57:09.070	156.718	156.791			6
2026.01.05	00:57:10.308	156.722	156.789			6
2026.01.05	00:57:10.626		156.788			4
2026.01.05	00:57:11.567		156.786			4
2026.01.05	00:57:13.119	156.725	156.783			6
2026.01.05	00:57:13.434		156.794			4
2026.01.05	00:57:13.738	156.727	156.796			6
2026.01.05	00:57:14.045		156.794			4
2026.01.05	00:57:16.228		156.798			4
2026.01.05	00:57:17.468		156.796			4
2026.01.05	00:57:18.095	156.728				2
2026.01.05	00:57:18.400	156.724	156.795			6
2026.01.05	00:57:18.714		156.796			4
2026.01.05	00:57:20.572	156.723	156.784			6
2026.01.05	00:57:20.877		156.788			4
2026.01.05	00:57:22.111		156.772			4
2026.01.05	00:57:22.427		156.771			4
2026.01.05	00:57:22.733	156.722	156.768			6
2026.01.05	00:57:23.050	156.724	156.767			6
2026.01.05	00:57:23.357	156.721	156.762			6
2026.01.05	00:57:23.676	156.723	156.769			6
2026.01.05	00:57:23.985		156.766			4
2026.01.05	00:57:24.302		156.768			4
2026.01.05	00:57:24.915		156.769			4
2026.01.05	00:57:25.224		156.764			4
2026.01.05	00:57:25.850		156.765			4
2026.01.05	00:57:26.158		156.768			4
2026.01.05	00:57:26.465	156.721	156.764			6
2026.01.05	00:57:26.779	156.724	156.767			6
2026.01.05	00:57:27.087		156.764			4
2026.01.05	00:57:27.396		156.763			4
2026.01.05	00:57:28.031	156.722	156.769			6
2026.01.05	00:57:28.340		156.766			4
2026.01.05	00:57:28.653		156.765			4
2026.01.05	00:57:29.279	156.724	156.769			6
2026.01.05	00:57:29.590	156.729	156.783			6
2026.01.05	00:57:29.899	156.733	156.781			6
2026.01.05	00:57:30.843	156.734	156.782			6
2026.01.05	00:57:32.082	156.736				2
2026.01.05	00:57:32.390	156.729	156.777			6
2026.01.05	00:57:32.702		156.773			4
2026.01.05	00:57:33.010		156.774			4
2026.01.05	00:57:33.316		156.773			4
2026.01.05	00:57:34.553	156.724	156.823			6
2026.01.05	00:57:35.494	156.725	156.826			6
2026.01.05	00:57:36.417		156.822			4
2026.01.05	00:57:37.039	156.726	156.821			6
2026.01.05	00:57:37.660	156.724	156.818			6
2026.01.05	00:57:40.137		156.815			4
2026.01.05	00:57:42.000	156.726	156.842			6
2026.01.05	00:57:42.314		156.840			4
2026.01.05	00:57:42.619	156.727	156.833			6
2026.01.05	00:57:43.247	156.730	156.832			6
2026.01.05	00:57:43.552	156.721	156.830			6
2026.01.05	00:57:47.291		156.818			4
2026.01.05	00:57:47.599		156.830			4
2026.01.05	00:57:47.918		156.829			4
2026.01.05	00:57:48.546		156.828			4
2026.01.05	00:57:48.863		156.823			4
2026.01.05	00:57:49.169		156.829			4
2026.01.05	00:57:49.474		156.827			4
2026.01.05	00:57:50.094		156.818			4
2026.01.05	00:57:52.877		156.812			4
2026.01.05	00:57:53.181	156.739	156.825			6
2026.01.05	00:57:53.802	156.738	156.819			6
2026.01.05	00:57:54.110	156.721	156.834			6
2026.01.05	00:57:54.420	156.701	156.887			6
2026.01.05	00:57:54.723		156.875			4
2026.01.05	00:57:55.037		156.871			4
2026.01.05	00:57:55.353		156.869			4
2026.01.05	00:57:55.660		156.870			4
2026.01.05	00:57:57.238		156.860			4
2026.01.05	00:57:57.553		156.855			4
2026.01.05	00:57:57.860		156.864			4
2026.01.05	00:57:58.178		156.859			4
2026.01.05	00:58:00.044	156.701				2
2026.01.05	00:58:01.275		156.855			4
2026.01.05	00:58:03.125		156.848			4
2026.01.05	00:58:06.525		156.856			4
2026.01.05	00:58:06.832		156.855			4
2026.01.05	00:58:08.702		156.865			4
2026.01.05	00:58:09.342		156.864			4
2026.01.05	00:58:09.657		156.866			4
2026.01.05	00:58:11.201		156.867			4
2026.01.05	00:58:11.509		156.856			4
2026.01.05	00:58:11.820		156.858			4
2026.01.05	00:58:12.743		156.859			4
2026.01.05	00:58:14.923		156.861			4
2026.01.05	00:58:15.240		156.860			4
2026.01.05	00:58:15.545		156.842			4
2026.01.05	00:58:15.858		156.877			4
2026.01.05	00:58:16.799		156.835			4
2026.01.05	00:58:17.104		156.842			4
2026.01.05	00:58:18.960		156.839			4
2026.01.05	00:58:19.269		156.847			4
2026.01.05	00:58:21.457		156.850			4
2026.01.05	00:58:23.624		156.849			4
2026.01.05	00:58:23.933		156.839			4
2026.01.05	00:58:24.863		156.840			4
2026.01.05	00:58:25.792		156.843			4
2026.01.05	00:58:26.716		156.839			4
2026.01.05	00:58:27.343		156.845			4
2026.01.05	00:58:28.585		156.851			4
2026.01.05	00:58:28.898		156.856			4
2026.01.05	00:58:29.204		156.859			4
2026.01.05	00:58:30.451		156.849			4
2026.01.05	00:58:30.769		156.858			4
2026.01.05	00:58:32.933		156.860			4
2026.01.05	00:58:33.872		156.859			4
2026.01.05	00:58:34.177		156.863			4
2026.01.05	00:58:34.492		156.851			4
2026.01.05	00:58:36.982		156.853			4
2026.01.05	00:58:39.759		156.858			4
2026.01.05	00:58:40.076		156.845			4
2026.01.05	00:58:40.378		156.849			4
2026.01.05	00:58:41.944		156.845			4
2026.01.05	00:58:42.249		156.841			4
2026.01.05	00:58:44.106		156.842			4
2026.01.05	00:58:49.669		156.858			4
2026.01.05	00:58:50.595		156.821			4
2026.01.05	00:58:51.520	156.711	156.840			6
2026.01.05	00:58:51.825		156.843			4
2026.01.05	00:58:52.136		156.850			4
2026.01.05	00:58:52.751		156.847			4
2026.01.05	00:58:54.629		156.846			4
2026.01.05	00:58:56.186		156.847			4
2026.01.05	00:58:56.496		156.841			4
2026.01.05	00:58:56.802		156.851			4
2026.01.05	00:58:57.745		156.845			4
2026.01.05	00:58:59.598		156.855			4
2026.01.05	00:58:59.917		156.852			4
2026.01.05	00:59:00.225	156.711	156.853			6
2026.01.05	00:59:02.079		156.852			4
2026.01.05	00:59:03.645	156.713	156.813			6
2026.01.05	00:59:04.263	156.711	156.809			6
2026.01.05	00:59:04.877		156.810			4
2026.01.05	00:59:05.190		156.814			4
2026.01.05	00:59:06.445	156.713	156.832			6
2026.01.05	00:59:07.068		156.825			4
2026.01.05	00:59:07.386		156.828			4
2026.01.05	00:59:07.697	156.714				2
2026.01.05	00:59:08.315	156.716				2
2026.01.05	00:59:09.552		156.823			4
2026.01.05	00:59:10.788		156.825			4
2026.01.05	00:59:11.716		156.820			4
2026.01.05	00:59:12.024		156.818			4
2026.01.05	00:59:13.265		156.845			4
2026.01.05	00:59:13.571		156.841			4
2026.01.05	00:59:14.205	156.717				2
2026.01.05	00:59:14.513	156.715	156.842			6
2026.01.05	00:59:14.823		156.844			4
2026.01.05	00:59:15.127	156.713	156.820			6
2026.01.05	00:59:15.443		156.804			4
2026.01.05	00:59:15.752		156.802			4
2026.01.05	00:59:17.287	156.714	156.825			6
2026.01.05	00:59:19.765		156.811			4
2026.01.05	00:59:20.072	156.713	156.821			6
2026.01.05	00:59:21.002		156.819			4
2026.01.05	00:59:22.240		156.838			4
2026.01.05	00:59:22.545		156.830			4
2026.01.05	00:59:23.461	156.715	156.837			6
2026.01.05	00:59:24.705	156.720	156.884			6
2026.01.05	00:59:25.014	156.717	156.828			6
2026.01.05	00:59:25.328		156.815			4
2026.01.05	00:59:27.508		156.814			4
2026.01.05	00:59:28.123	156.718				2
2026.01.05	00:59:29.983	156.717	156.805			6
2026.01.05	00:59:30.285	156.723	156.808			6
2026.01.05	00:59:30.594	156.711	156.810			6
2026.01.05	00:59:30.910	156.713				2
2026.01.05	00:59:31.532		156.806			4
2026.01.05	00:59:33.090	156.728	156.818			6
2026.01.05	00:59:34.940	156.729	156.813			6
2026.01.05	00:59:35.247		156.815			4
2026.01.05	00:59:35.561		156.813			4
2026.01.05	00:59:35.866		156.808			4
2026.01.05	00:59:36.483	156.730				2
2026.01.05	00:59:38.010		156.811			4
2026.01.05	00:59:42.349	156.728	156.842			6
2026.01.05	00:59:42.657		156.818			4
2026.01.05	00:59:42.968		156.811			4
2026.01.05	00:59:43.592	156.727	156.813			6
2026.01.05	00:59:44.821		156.812			4
2026.01.05	00:59:46.061	156.728				2
2026.01.05	00:59:47.296		156.871			4
2026.01.05	00:59:48.132	156.729				2
2026.01.05	00:59:49.127		156.812			4
2026.01.05	00:59:54.063	156.731				2
2026.01.05	00:59:55.301	156.733	156.820			6
2026.01.05	00:59:57.465	156.735	156.811			6
2026.01.05	00:59:57.770		156.809			4
2026.01.05	01:00:00.224	156.737				2
2026.01.05	01:00:00.539	156.746	156.827			6
2026.01.05	01:00:00.851	156.767				2
2026.01.05	01:00:01.323	156.748	156.835			6
2026.01.05	01:00:01.626	156.738	156.826			6
2026.01.05	01:00:01.952	156.743				2
2026.01.05	01:00:02.266	156.744				2
2026.01.05	01:00:02.568	156.736	156.809			6
2026.01.05	01:00:02.886	156.742	156.841			6
2026.01.05	01:00:03.189	156.741	156.840			6
2026.01.05	01:00:04.120	156.740	156.839			6
2026.01.05	01:00:05.041	156.743	156.842			6
2026.01.05	01:00:05.350	156.744	156.843			6
2026.01.05	01:00:05.966	156.742	156.841			6
2026.01.05	01:00:06.922	156.740	156.839			6
2026.01.05	01:00:08.153	156.742	156.841			6
2026.01.05	01:00:09.100	156.744	156.843			6
2026.01.05	01:00:09.412	156.739	156.838			6
2026.01.05	01:00:09.720	156.740	156.839			6
2026.01.05	01:00:10.034	156.739	156.838			6
2026.01.05	01:00:10.342	156.738	156.837			6
2026.01.05	01:00:11.285	156.736	156.835			6
2026.01.05	01:00:12.225	156.732	156.830			6
2026.01.05	01:00:12.531	156.738	156.837			6
2026.01.05	01:00:13.156	156.740	156.839			6
2026.01.05	01:00:13.473	156.739	156.838			6
2026.01.05	01:00:16.280	156.742	156.839			6
2026.01.05	01:00:16.891	156.740				2
2026.01.05	01:00:17.511	156.748	156.847			6
2026.01.05	01:00:17.816	156.759	156.849			6
2026.01.05	01:00:18.134	156.760				2
2026.01.05	01:00:20.327	156.761				2
2026.01.05	01:00:20.628	156.760	156.846			6
2026.01.05	01:00:21.875	156.781	156.805			6
2026.01.05	01:00:23.624		156.804			4
2026.01.05	01:00:24.053		156.802			4
2026.01.05	01:00:24.879		156.803			4
2026.01.05	01:00:25.296	156.776	156.802			6
2026.01.05	01:00:26.766	156.772				2
2026.01.05	01:00:27.370		156.801			4
2026.01.05	01:00:27.676	156.773				2
2026.01.05	01:00:29.441	156.772	156.800			6
2026.01.05	01:00:29.778	156.761	156.789			6
2026.01.05	01:00:30.085	156.766	156.791			6
2026.01.05	01:00:30.477	156.760	156.785			6
2026.01.05	01:00:30.870	156.764	156.791			6
2026.01.05	01:00:31.575	156.765				2
2026.01.05	01:00:32.761		156.789			4
2026.01.05	01:00:34.170		156.787			4
2026.01.05	01:00:35.546		156.788			4
2026.01.05	01:00:36.839	156.763				2
2026.01.05	01:00:39.684	156.759	156.783			6
2026.01.05	01:00:41.116		156.782			4
2026.01.05	01:00:43.648		156.783			4
2026.01.05	01:00:45.341		156.782			4
2026.01.05	01:00:47.842	156.738	156.764			6
2026.01.05	01:00:48.279		156.766			4
2026.01.05	01:00:48.590		156.765			4
2026.01.05	01:00:49.016	156.731	156.766			6
2026.01.05	01:00:49.319		156.767			4
2026.01.05	01:00:49.937	156.739	156.759			6
2026.01.05	01:00:50.313		156.758			4
2026.01.05	01:00:55.191	156.726				2
2026.01.05	01:00:56.032	156.734	156.747			6
2026.01.05	01:00:56.454	156.726	156.758			6
2026.01.05	01:00:57.205	156.735	156.747			6
2026.01.05	01:00:57.583	156.726	156.758			6
2026.01.05	01:00:58.268	156.735	156.747			6
2026.01.05	01:00:58.691	156.731	156.750			6
2026.01.05	01:00:59.141	156.735	156.747			6
2026.01.05	01:00:59.543	156.729	156.761			6
2026.01.05	01:01:00.305	156.740	156.741			6
2026.01.05	01:01:01.216	156.746	156.747			6
2026.01.05	01:01:02.752	156.747	156.748			6
2026.01.05	01:01:03.363	156.752	156.753			6
2026.01.05	01:01:11.951	156.753	156.754			6
2026.01.05	01:01:12.259	156.752	156.753			6
2026.01.05	01:01:12.869	156.758	156.759			6
2026.01.05	01:01:13.175	156.763	156.764			6
2026.01.05	01:01:14.093	156.764	156.765			6
2026.01.05	01:01:14.399	156.767	156.768			6
2026.01.05	01:01:14.705	156.772	156.773			6
2026.01.05	01:01:15.318	156.774	156.775			6
2026.01.05	01:01:16.549	156.777	156.778			6
2026.01.05	01:01:17.774	156.778	156.779			6
2026.01.05	01:01:19.609	156.780	156.781			6
2026.01.05	01:01:19.918	156.795	156.796			6
2026.01.05	01:01:20.225	156.785	156.786			6
2026.01.05	01:01:20.535	156.792	156.793			6
2026.01.05	01:01:20.846	156.794	156.795			6
2026.01.05	01:01:21.765	156.793	156.794			6
2026.01.05	01:01:22.380	156.801	156.802			6
2026.01.05	01:01:25.441	156.811	156.812			6
2026.01.05	01:01:25.744	156.810	156.811			6
2026.01.05	01:01:26.968	156.811	156.812			6
2026.01.05	01:01:28.502	156.810	156.811			6
2026.01.05	01:01:29.437	156.811	156.812			6
2026.01.05	01:01:34.653	156.810	156.811			6
2026.01.05	01:01:35.559	156.811	156.812			6
2026.01.05	01:01:48.183	156.810	156.811			6
2026.01.05	01:01:49.719	156.811	156.812			6
2026.01.05	01:01:50.642	156.810	156.811			6
2026.01.05	01:01:51.554	156.811	156.812			6
2026.01.05	01:01:52.473	156.810	156.811			6
2026.01.05	01:01:54.640	156.811	156.812			6
2026.01.05	01:01:57.109	156.810	156.811			6
2026.01.05	01:01:59.264	156.811	156.812			6
2026.01.05	01:02:00.177	156.811				2
2026.01.05	01:02:02.015	156.812	156.813			6
2026.01.05	01:02:06.630	156.828	156.829			6
2026.01.05	01:02:06.939	156.830	156.831			6
2026.01.05	01:02:07.571	156.832	156.833			6
2026.01.05	01:02:07.878	156.837	156.838			6
2026.01.05	01:02:08.180	156.843	156.844			6
2026.01.05	01:02:08.487	156.844	156.845			6
2026.01.05	01:02:09.099	156.845	156.846			6
2026.01.05	01:02:09.409	156.846	156.847			6
2026.01.05	01:02:09.717	156.845	156.846			6
2026.01.05	01:02:10.023	156.846	156.847			6
2026.01.05	01:02:10.641	156.847	156.848			6
2026.01.05	01:02:12.495	156.845	156.846			6
2026.01.05	01:02:12.799	156.846	156.847			6
2026.01.05	01:02:13.101	156.845	156.846			6
2026.01.05	01:02:13.410	156.844	156.845			6
2026.01.05	01:02:15.559	156.845	156.846			6
2026.01.05	01:02:15.869	156.844	156.845			6
2026.01.05	01:02:17.108	156.841	156.842			6
2026.01.05	01:02:19.556	156.842	156.843			6
2026.01.05	01:02:20.164	156.841	156.842			6
2026.01.05	01:02:21.997	156.842	156.843			6
2026.01.05	01:02:22.610	156.841	156.842			6
2026.01.05	01:02:24.149	156.842	156.843			6
2026.01.05	01:02:26.302	156.843	156.844			6
2026.01.05	01:02:26.907	156.844	156.845			6
2026.01.05	01:02:27.835	156.845	156.846			6
2026.01.05	01:02:28.145	156.844	156.845			6
2026.01.05	01:02:30.296	156.845	156.846			6
2026.01.05	01:02:30.605	156.846	156.847			6
2026.01.05	01:02:30.913	156.845	156.846			6
2026.01.05	01:02:32.441	156.844	156.845			6
2026.01.05	01:02:34.903	156.843	156.844			6
2026.01.05	01:02:35.521	156.844	156.845			6
2026.01.05	01:02:35.832	156.843	156.844			6
2026.01.05	01:02:36.134	156.844	156.845			6
2026.01.05	01:02:37.045	156.850	156.851			6
2026.01.05	01:02:37.352	156.853	156.854			6
2026.01.05	01:02:37.662	156.855	156.856			6
2026.01.05	01:02:37.971	156.856	156.857			6
2026.01.05	01:02:42.261	156.857	156.858			6
2026.01.05	01:02:43.188	156.856	156.857			6
2026.01.05	01:02:46.870	156.859	156.860			6
2026.01.05	01:02:47.178	156.857	156.858			6
2026.01.05	01:02:51.773	156.858	156.859			6
2026.01.05	01:02:53.904	156.856	156.857			6
2026.01.05	01:02:59.422	156.854	156.855			6
2026.01.05	01:02:59.735	156.846	156.847			6
2026.01.05	01:03:00.043	156.846				2
2026.01.05	01:03:06.186	156.847	156.848			6
2026.01.05	01:03:06.491	156.845	156.846			6
2026.01.05	01:03:07.109	156.846	156.847			6
2026.01.05	01:03:10.201	156.845	156.846			6
2026.01.05	01:03:12.952	156.846	156.847			6
2026.01.05	01:03:15.098	156.847	156.848			6
2026.01.05	01:03:15.402	156.852	156.853			6
2026.01.05	01:03:17.238	156.854	156.855			6
2026.01.05	01:03:19.093	156.853	156.854			6
2026.01.05	01:03:19.402	156.852	156.853			6
2026.01.05	01:03:20.942	156.848	156.849			6
2026.01.05	01:03:21.244	156.847	156.848			6
2026.01.05	01:03:33.202	156.846	156.847			6
2026.01.05	01:03:33.810	156.844	156.845			6
2026.01.05	01:03:34.120	156.841	156.842			6
2026.01.05	01:03:34.737	156.840	156.841			6
2026.01.05	01:03:35.040	156.842	156.843			6
2026.01.05	01:03:36.884	156.845	156.846			6
2026.01.05	01:03:37.499	156.844	156.845			6
2026.01.05	01:03:38.108	156.845	156.846			6
2026.01.05	01:03:39.328	156.843	156.844			6
2026.01.05	01:03:39.633	156.841	156.842			6
2026.01.05	01:03:40.852	156.845	156.846			6
2026.01.05	01:03:58.971	156.842	156.843			6
2026.01.05	01:04:00.198	156.842				2
2026.01.05	01:04:12.440	156.841	156.842			6
2026.01.05	01:04:14.583	156.842	156.843			6
2026.01.05	01:04:15.208	156.843	156.844			6
2026.01.05	01:04:15.520	156.842	156.843			6
2026.01.05	01:04:16.130	156.843	156.844			6
2026.01.05	01:04:17.050	156.842	156.843			6
2026.01.05	01:04:31.477	156.841	156.842			6
2026.01.05	01:04:32.705	156.842	156.843			6
2026.01.05	01:04:35.160	156.845	156.846			6
2026.01.05	01:04:37.905	156.843	156.844			6
2026.01.05	01:04:42.510	156.833	156.834			6
2026.01.05	01:04:44.347	156.834	156.835			6
2026.01.05	01:04:46.496	156.819	156.820			6
2026.01.05	01:04:46.802	156.815	156.816			6
2026.01.05	01:04:47.113	156.812	156.813			6
2026.01.05	01:04:47.421	156.813	156.814			6
2026.01.05	01:04:50.479	156.807	156.808			6
2026.01.05	01:04:50.794	156.817	156.818			6
2026.01.05	01:04:51.097	156.820	156.821			6
2026.01.05	01:04:51.704	156.821	156.822			6
2026.01.05	01:04:53.862	156.822	156.823			6
2026.01.05	01:04:59.385	156.811	156.812			6
2026.01.05	01:04:59.690	156.812	156.813			6
2026.01.05	01:05:00.299	156.808	156.809			6
2026.01.05	01:05:01.213	156.809	156.810			6
2026.01.05	01:05:02.751	156.808	156.809			6
2026.01.05	01:05:03.663	156.807	156.808			6
2026.01.05	01:05:04.585	156.795	156.796			6
2026.01.05	01:05:05.510	156.786	156.787			6
2026.01.05	01:05:05.819	156.783	156.784			6
2026.01.05	01:05:06.122	156.780	156.781			6
2026.01.05	01:05:06.431	156.783	156.784			6
2026.01.05	01:05:07.655	156.769	156.770			6
2026.01.05	01:05:07.977	156.761	156.762			6
2026.01.05	01:05:08.280	156.766	156.768			6
2026.01.05	01:05:09.204	156.761	156.762			6
2026.01.05	01:05:09.506	156.757	156.758			6
2026.01.05	01:05:10.120	156.755	156.757			6
2026.01.05	01:05:10.728		156.756			4
2026.01.05	01:05:11.333	156.742	156.744			6
2026.01.05	01:05:11.641	156.741	156.743			6
2026.01.05	01:05:12.915	156.742	156.744			6
2026.01.05	01:05:13.544	156.741	156.743			6
2026.01.05	01:05:15.126	156.747	156.749			6
2026.01.05	01:05:15.437	156.749	156.751			6
2026.01.05	01:05:16.063	156.748	156.750			6
2026.01.05	01:05:16.990	156.757	156.760			6
2026.01.05	01:05:17.297	156.760	156.762			6
2026.01.05	01:05:18.220		156.763			4
2026.01.05	01:05:18.532	156.761	156.764			6
2026.01.05	01:05:20.745	156.759	156.762			6
2026.01.05	01:05:21.062	156.761	156.764			6
2026.01.05	01:05:21.687	156.758	156.759			6
2026.01.05	01:05:21.995	156.753	156.756			6
2026.01.05	01:05:23.271	156.752	156.755			6
2026.01.05	01:05:23.578	156.754	156.757			6
2026.01.05	01:05:24.194	156.757	156.758			6
2026.01.05	01:05:24.498	156.767	156.770			6
2026.01.05	01:05:25.123	156.766				2
2026.01.05	01:05:28.252	156.767				2
2026.01.05	01:05:33.937	156.790	156.793			6
2026.01.05	01:05:34.241	156.793	156.797			6
2026.01.05	01:05:34.862	156.785	156.790			6
2026.01.05	01:05:35.182		156.789			4
2026.01.05	01:05:38.952	156.784	156.788			6
2026.01.05	01:05:39.578	156.785	156.789			6
2026.01.05	01:05:40.200	156.784	156.788			6
2026.01.05	01:05:43.332	156.780	156.784			6
2026.01.05	01:05:46.119	156.781	156.785			6
2026.01.05	01:05:47.377	156.782				2
2026.01.05	01:05:48.321	156.789	156.791			6
2026.01.05	01:05:48.628	156.788	156.790			6
2026.01.05	01:05:48.940	156.786	156.789			6
2026.01.05	01:05:49.248	156.788				2
2026.01.05	01:05:49.560	156.782	156.785			6
2026.01.05	01:05:50.813	156.790	156.791			6
2026.01.05	01:05:52.039		156.792			4
2026.01.05	01:05:56.078		156.791			4
2026.01.05	01:05:57.620	156.789				2
2026.01.05	01:06:00.114	156.790				2
2026.01.05	01:06:02.300	156.791	156.792			6
2026.01.05	01:06:03.866	156.790	156.791			6
2026.01.05	01:06:05.747	156.791	156.792			6
2026.01.05	01:06:07.316	156.790	156.791			6
2026.01.05	01:06:07.628	156.791	156.792			6
2026.01.05	01:06:09.178	156.790	156.791			6
2026.01.05	01:06:10.120	156.791	156.792			6
2026.01.05	01:06:14.723	156.783	156.784			6
2026.01.05	01:06:15.637	156.790	156.791			6
2026.01.05	01:06:16.255	156.789	156.790			6
2026.01.05	01:06:22.375	156.788	156.789			6
2026.01.05	01:06:22.981	156.789	156.790			6
2026.01.05	01:06:23.286	156.788	156.789			6
2026.01.05	01:06:27.288	156.790	156.791			6
2026.01.05	01:06:29.130	156.789	156.790			6
2026.01.05	01:06:38.937	156.790	156.791			6
2026.01.05	01:06:40.163	156.789	156.790			6
2026.01.05	01:06:41.385	156.785	156.786			6
2026.01.05	01:06:41.702	156.805	156.806			6
2026.01.05	01:06:42.009	156.813	156.814			6
2026.01.05	01:06:42.312	156.811				2
2026.01.05	01:06:45.437		156.813			4
2026.01.05	01:06:45.742	156.814	156.817			6
2026.01.05	01:06:46.045	156.816				2
2026.01.05	01:06:48.227	156.818	156.820			6
2026.01.05	01:06:57.213	156.819				2
2026.01.05	01:07:00.286	156.819				2
2026.01.05	01:07:00.898	156.820	156.821			6
2026.01.05	01:07:01.506	156.815	156.816			6
2026.01.05	01:07:01.808	156.806	156.807			6
2026.01.05	01:07:02.116	156.805	156.806			6
2026.01.05	01:07:06.216	156.806	156.807			6
2026.01.05	01:07:07.163	156.805	156.806			6
2026.01.05	01:07:09.332	156.808	156.809			6
2026.01.05	01:07:13.007	156.807	156.808			6
2026.01.05	01:07:15.169	156.810	156.811			6
2026.01.05	01:07:15.479	156.812	156.813			6
2026.01.05	01:07:17.330	156.815	156.816			6
2026.01.05	01:07:17.636	156.816	156.817			6
2026.01.05	01:07:20.394	156.817	156.818			6
2026.01.05	01:07:31.112	156.816	156.817			6
2026.01.05	01:07:32.658	156.818	156.819			6
2026.01.05	01:07:37.234	156.819	156.820			6
2026.01.05	01:07:37.541	156.818	156.819			6
2026.01.05	01:07:46.717	156.817	156.818			6
2026.01.05	01:07:50.377	156.818	156.819			6
2026.01.05	01:07:50.991	156.817	156.818			6
2026.01.05	01:07:54.683	156.818	156.819			6
2026.01.05	01:07:57.131	156.817	156.818			6
2026.01.05	01:07:57.442	156.818	156.819			6
2026.01.05	01:08:00.198	156.818				2
2026.01.05	01:08:03.555	156.810	156.811			6
2026.01.05	01:08:03.859	156.807	156.808			6
2026.01.05	01:08:04.169	156.808	156.809			6
2026.01.05	01:08:06.003	156.809	156.810			6
2026.01.05	01:08:09.371	156.808	156.809			6
2026.01.05	01:08:12.748	156.807	156.808			6
2026.01.05	01:08:14.577	156.806	156.807			6
2026.01.05	01:08:15.189	156.808	156.809			6
2026.01.05	01:08:21.021	156.807	156.808			6
2026.01.05	01:08:21.324	156.808	156.809			6
2026.01.05	01:08:28.045	156.809	156.810			6
2026.01.05	01:08:31.098	156.808	156.809			6
2026.01.05	01:08:36.933	156.798	156.799			6
2026.01.05	01:08:37.236	156.795	156.796			6
2026.01.05	01:08:37.540	156.794	156.795			6
2026.01.05	01:08:39.066	156.795	156.796			6
2026.01.05	01:08:45.807	156.794	156.795			6
2026.01.05	01:08:50.088	156.796	156.797			6
2026.01.05	01:08:51.016	156.797	156.798			6
2026.01.05	01:08:53.789	156.796	156.797			6
2026.01.05	01:09:00.209	156.796				2
2026.01.05	01:09:03.274	156.795	156.796			6
2026.01.05	01:09:15.202	156.796	156.797			6
2026.01.05	01:09:16.128	156.795	156.796			6
2026.01.05	01:09:21.953	156.784	156.785			6
2026.01.05	01:09:25.328	156.782	156.783			6
2026.01.05	01:09:33.611	156.781	156.782			6
2026.01.05	01:09:38.545	156.782	156.783			6
2026.01.05	01:09:39.772	156.781	156.782			6
2026.01.05	01:09:50.487	156.782	156.783			6
2026.01.05	01:09:55.103	156.781	156.782			6
2026.01.05	01:09:56.025	156.782	156.783			6
2026.01.05	01:09:57.868	156.781	156.782			6
2026.01.05	01:10:00.027	156.781				2
2026.01.05	01:10:01.553	156.782	156.783			6
2026.01.05	01:10:03.395	156.781	156.782			6
2026.01.05	01:10:04.315	156.782	156.783			6
2026.01.05	01:10:04.620	156.783	156.784			6
2026.01.05	01:10:08.609	156.784	156.785			6
2026.01.05	01:10:20.295	156.783	156.784			6
2026.01.05	01:10:33.487	156.782	156.783			6
2026.01.05	01:10:39.319	156.772	156.773			6
2026.01.05	01:10:40.844	156.771	156.772			6
2026.01.05	01:10:44.532	156.772	156.773			6
2026.01.05	01:10:45.143	156.771	156.772			6
2026.01.05	01:10:46.376	156.770	156.771			6
2026.01.05	01:10:46.680	156.769	156.770			6
2026.01.05	01:10:51.595	156.768	156.769			6
2026.01.05	01:10:51.902	156.769	156.770			6
2026.01.05	01:10:56.484	156.770	156.771			6
2026.01.05	01:10:59.265	156.769	156.770			6
2026.01.05	01:11:00.202	156.770	156.771			6
2026.01.05	01:11:00.514	156.769	156.770			6
2026.01.05	01:11:01.138	156.770	156.771			6
2026.01.05	01:11:02.372	156.771	156.772			6
2026.01.05	01:11:03.294	156.770	156.771			6
2026.01.05	01:11:04.818	156.771	156.772			6
2026.01.05	01:11:06.649	156.770	156.771			6
2026.01.05	01:11:07.873	156.771	156.772			6
2026.01.05	01:11:09.723	156.780	156.781			6
2026.01.05	01:11:12.478	156.781	156.782			6
2026.01.05	01:11:14.932	156.780	156.781			6
2026.01.05	01:11:16.170	156.781	156.782			6
2026.01.05	01:11:20.474	156.780	156.781			6
2026.01.05	01:11:23.545	156.776	156.777			6
2026.01.05	01:11:23.850	156.771	156.772			6
2026.01.05	01:11:26.927	156.763	156.764			6
2026.01.05	01:11:27.233	156.759	156.760			6
2026.01.05	01:11:28.757	156.758	156.759			6
2026.01.05	01:12:00.020	156.758				2
2026.01.05	01:12:07.396	156.757	156.758			6
2026.01.05	01:12:15.975	156.748	156.749			6
2026.01.05	01:12:19.959	156.747	156.748			6
2026.01.05	01:12:22.719	156.752	156.753			6
2026.01.05	01:12:28.267	156.751	156.752			6
2026.01.05	01:12:30.415	156.752	156.753			6
2026.01.05	01:12:30.722	156.751	156.752			6
2026.01.05	01:12:31.640	156.752	156.753			6
2026.01.05	01:12:52.788	156.750	156.751			6
2026.01.05	01:12:54.929	156.751	156.752			6
2026.01.05	01:12:56.772	156.752	156.753			6
2026.01.05	01:12:57.080	156.751	156.752			6
2026.01.05	01:12:57.384	156.752	156.753			6
2026.01.05	01:12:58.618	156.753	156.754			6
2026.01.05	01:12:58.928	156.749	156.750			6
2026.01.05	01:13:00.154	156.749				2
2026.01.05	01:13:00.461	156.750	156.751			6
2026.01.05	01:13:01.378	156.749	156.750			6
2026.01.05	01:13:02.607	156.748	156.749			6
2026.01.05	01:13:06.292	156.749	156.750			6
2026.01.05	01:13:07.520	156.748	156.749			6
2026.01.05	01:13:10.900	156.749	156.750			6
2026.01.05	01:13:11.202	156.748	156.749			6
2026.01.05	01:13:15.504	156.749	156.750			6
2026.01.05	01:13:16.417	156.747	156.748			6
2026.01.05	01:13:22.845	156.748	156.749			6
2026.01.05	01:13:24.696	156.749	156.750			6
2026.01.05	01:13:25.003	156.751	156.752			6
2026.01.05	01:13:27.452	156.752	156.753			6
2026.01.05	01:13:27.759	156.753	156.754			6
2026.01.05	01:13:28.068	156.754	156.755			6
2026.01.05	01:13:28.375	156.753	156.754			6
2026.01.05	01:13:28.686	156.754	156.755			6
2026.01.05	01:13:29.295	156.753	156.754			6
2026.01.05	01:13:34.200	156.748	156.749			6
2026.01.05	01:13:35.727	156.747	156.748			6
2026.01.05	01:13:36.034	156.746	156.747			6
2026.01.05	01:13:36.344	156.747	156.748			6
2026.01.05	01:13:39.094	156.748	156.749			6
2026.01.05	01:13:42.763	156.749	156.750			6
2026.01.05	01:13:44.586	156.748	156.749			6
2026.01.05	01:13:46.122	156.747	156.748			6
2026.01.05	01:13:51.636	156.745	156.746			6
2026.01.05	01:13:51.945	156.747	156.748			6
2026.01.05	01:13:55.344	156.748	156.749			6
2026.01.05	01:13:55.953	156.749	156.750			6
2026.01.05	01:13:56.254	156.748	156.749			6
2026.01.05	01:14:00.246	156.748				2
2026.01.05	01:14:00.861	156.747	156.748			6
2026.01.05	01:14:02.702	156.748	156.749			6
2026.01.05	01:14:06.082	156.747	156.748			6
2026.01.05	01:14:07.617	156.746	156.747			6
2026.01.05	01:14:08.527	156.747	156.748			6
2026.01.05	01:14:09.752	156.746	156.747			6
2026.01.05	01:14:15.885	156.745	156.746			6
2026.01.05	01:14:16.192	156.746	156.747			6
2026.01.05	01:14:32.802	156.745	156.746			6
2026.01.05	01:14:37.713	156.744	156.745			6
2026.01.05	01:14:45.087	156.745	156.746			6
2026.01.05	01:15:00.128	156.745				2
2026.01.05	01:15:01.354	156.734	156.735			6
2026.01.05	01:15:01.660	156.732	156.733			6
2026.01.05	01:15:02.880	156.730	156.731			6
2026.01.05	01:15:04.409	156.731	156.732			6
2026.01.05	01:15:19.454	156.730	156.731			6
2026.01.05	01:15:21.311	156.722	156.723			6
2026.01.05	01:15:21.613	156.721	156.722			6
2026.01.05	01:15:21.919	156.722	156.723			6
2026.01.05	01:15:22.843	156.733	156.734			6
2026.01.05	01:15:25.613	156.732	156.733			6
2026.01.05	01:15:31.449	156.756	156.757			6
2026.01.05	01:15:31.754	156.758	156.759			6
2026.01.05	01:15:32.055	156.757	156.758			6
2026.01.05	01:15:32.365	156.751	156.755			6
2026.01.05	01:15:32.669	156.752	156.756			6
2026.01.05	01:15:32.975	156.751	156.755			6
2026.01.05	01:15:33.276	156.752	156.756			6
2026.01.05	01:15:34.217		156.755			4
2026.01.05	01:15:36.742	156.750	156.754			6
2026.01.05	01:15:37.687	156.751	156.755			6
2026.01.05	01:15:38.626	156.748	156.752			6
2026.01.05	01:15:38.939	156.749	156.753			6
2026.01.05	01:15:45.222	156.746	156.749			6
2026.01.05	01:15:46.164	156.745				2
2026.01.05	01:15:47.406	156.746				2
2026.01.05	01:15:55.815	156.745	156.748			6
2026.01.05	01:15:56.128	156.744	156.747			6
2026.01.05	01:15:56.434	156.745	156.748			6
2026.01.05	01:15:58.923	156.744	156.747			6
2026.01.05	01:15:59.242		156.746			4
2026.01.05	01:15:59.561	156.745	156.747			6
2026.01.05	01:16:00.199	156.748	156.750			6
2026.01.05	01:16:00.508	156.746	156.748			6
2026.01.05	01:16:01.142	156.745	156.747			6
2026.01.05	01:16:01.460	156.744	156.746			6
2026.01.05	01:16:02.088	156.743	156.745			6
2026.01.05	01:16:02.408	156.744	156.746			6
2026.01.05	01:16:03.332	156.743	156.745			6
2026.01.05	01:16:05.496	156.742	156.744			6
2026.01.05	01:16:05.804	156.743	156.745			6
2026.01.05	01:16:06.110	156.744	156.746			6
2026.01.05	01:16:06.425	156.743	156.745			6
2026.01.05	01:16:07.670	156.744	156.746			6
2026.01.05	01:16:07.988	156.743	156.745			6
2026.01.05	01:16:08.915	156.744	156.746			6
2026.01.05	01:16:09.540	156.743	156.745			6
2026.01.05	01:16:11.097	156.744				2
2026.01.05	01:16:21.255	156.745	156.746			6
2026.01.05	01:16:47.674	156.744	156.745			6
2026.01.05	01:16:58.715	156.745	156.746			6
2026.01.05	01:17:00.259	156.745				2
2026.01.05	01:17:13.165	156.735	156.736			6
2026.01.05	01:17:13.776	156.734	156.735			6
2026.01.05	01:17:14.385	156.733	156.734			6
2026.01.05	01:17:16.223	156.732	156.733			6
2026.01.05	01:17:17.752	156.733	156.734			6
2026.01.05	01:17:18.054	156.732	156.733			6
2026.01.05	01:17:20.508	156.730	156.731			6
2026.01.05	01:17:26.044	156.731	156.732			6
2026.01.05	01:17:26.664	156.730	156.731			6
2026.01.05	01:17:27.271	156.731	156.732			6
2026.01.05	01:17:30.051	156.732	156.733			6
2026.01.05	01:17:30.963	156.733	156.734			6
2026.01.05	01:17:33.714	156.732	156.733			6
2026.01.05	01:17:34.936	156.731	156.732			6
2026.01.05	01:17:35.240	156.732	156.733			6
2026.01.05	01:17:35.547	156.733	156.734			6
2026.01.05	01:18:00.100	156.733				2
2026.01.05	01:18:01.939	156.734	156.735			6
2026.01.05	01:18:02.558	156.733	156.734			6
2026.01.05	01:18:03.480	156.734	156.735			6
2026.01.05	01:18:04.088	156.733	156.734			6
2026.01.05	01:18:08.996	156.732	156.733			6
2026.01.05	01:18:09.606	156.733	156.734			6
2026.01.05	01:18:12.377	156.732	156.733			6
2026.01.05	01:18:12.997	156.733	156.734			6
2026.01.05	01:18:20.970	156.732	156.733			6
2026.01.05	01:18:21.275	156.733	156.734			6
2026.01.05	01:18:26.178	156.734	156.735			6
2026.01.05	01:18:30.167	156.746	156.747			6
2026.01.05	01:18:30.475	156.747	156.748			6
2026.01.05	01:18:31.693	156.746	156.747			6
2026.01.05	01:18:32.923	156.747	156.748			6
2026.01.05	01:18:36.286	156.753	156.754			6
2026.01.05	01:18:36.592	156.759	156.760			6
2026.01.05	01:18:36.897	156.758	156.759			6
2026.01.05	01:18:41.218	156.759	156.760			6
2026.01.05	01:18:55.017	156.760	156.761			6
2026.01.05	01:18:57.487	156.762	156.763			6
2026.01.05	01:18:57.793	156.763	156.764			6
2026.01.05	01:19:00.267	156.763				2
2026.01.05	01:19:00.575	156.762	156.763			6
2026.01.05	01:19:05.799	156.763	156.764			6
2026.01.05	01:19:09.179	156.762	156.763			6
2026.01.05	01:19:09.804	156.763	156.764			6
2026.01.05	01:19:10.728	156.759	156.760			6
2026.01.05	01:19:11.036	156.761	156.762			6
2026.01.05	01:19:11.962	156.762	156.763			6
2026.01.05	01:19:12.571	156.761	156.762			6
2026.01.05	01:19:14.109	156.760	156.761			6
2026.01.05	01:19:21.791	156.761	156.762			6
2026.01.05	01:19:23.015	156.759	156.760			6
2026.01.05	01:19:23.634	156.758	156.759			6
2026.01.05	01:19:26.105	156.757	156.758			6
2026.01.05	01:19:33.756	156.758	156.759			6
2026.01.05	01:19:37.743	156.757	156.758			6
2026.01.05	01:19:38.664	156.758	156.759			6
2026.01.05	01:19:42.983	156.757	156.758			6
2026.01.05	01:19:44.527	156.758	156.759			6
2026.01.05	01:19:45.450	156.757	156.758			6
2026.01.05	01:19:47.602	156.758	156.759			6
2026.01.05	01:19:48.517	156.757	156.758			6
2026.01.05	01:19:48.823	156.758	156.759			6
2026.01.05	01:19:50.971	156.757	156.758			6
2026.01.05	01:19:55.892	156.758	156.759			6
2026.01.05	01:19:56.820	156.757	156.758			6
2026.01.05	01:19:59.898	156.759	156.760			6
2026.01.05	01:20:00.201	156.758	156.759			6
2026.01.05	01:20:01.128	156.765	156.766			6
2026.01.05	01:20:01.437	156.767	156.768			6
2026.01.05	01:20:02.358	156.768	156.769			6
2026.01.05	01:20:03.586	156.767	156.768			6
2026.01.05	01:20:05.733	156.769	156.770			6
2026.01.05	01:20:06.665	156.768	156.769			6
2026.01.05	01:20:07.894	156.769	156.770			6
2026.01.05	01:20:09.121	156.770	156.771			6
2026.01.05	01:20:09.427	156.771	156.772			6
2026.01.05	01:20:11.263	156.770	156.771			6
2026.01.05	01:20:23.225	156.771	156.772			6
2026.01.05	01:20:26.888	156.768	156.769			6
2026.01.05	01:20:39.168	156.769	156.770			6
2026.01.05	01:20:39.482	156.768	156.769			6
2026.01.05	01:20:39.788	156.769	156.770			6
2026.01.05	01:20:40.098	156.768	156.769			6
2026.01.05	01:20:40.717	156.769	156.770			6
2026.01.05	01:20:42.245	156.768	156.769			6
2026.01.05	01:20:42.854	156.769	156.770			6
2026.01.05	01:20:43.162	156.768	156.769			6
2026.01.05	01:20:44.386	156.781	156.782			6
2026.01.05	01:20:45.299	156.780	156.781			6
2026.01.05	01:20:45.609	156.781	156.782			6
2026.01.05	01:20:47.143	156.784	156.785			6
2026.01.05	01:20:49.608	156.783	156.784			6
2026.01.05	01:21:00.062	156.783				2
2026.01.05	01:21:06.182	156.781	156.782			6
2026.01.05	01:21:07.420	156.782	156.783			6
2026.01.05	01:21:14.477	156.780	156.781			6
2026.01.05	01:21:16.302	156.781	156.782			6
2026.01.05	01:21:18.151	156.780	156.781			6
2026.01.05	01:21:21.537	156.781	156.782			6
2026.01.05	01:21:25.205	156.782	156.783			6
2026.01.05	01:21:32.555	156.781	156.782			6
2026.01.05	01:21:32.859	156.782	156.783			6
2026.01.05	01:21:33.783	156.781	156.782			6
2026.01.05	01:21:36.546	156.782	156.783			6
2026.01.05	01:21:36.856	156.783	156.784			6
2026.01.05	01:21:40.840	156.784	156.785			6
2026.01.05	01:21:47.593	156.785	156.786			6
2026.01.05	01:21:48.209	156.793	156.794			6
2026.01.05	01:21:49.741	156.792	156.793			6
2026.01.05	01:21:51.593	156.790	156.791			6
2026.01.05	01:22:00.172	156.790				2
2026.01.05	01:22:02.323	156.794	156.795			6
2026.01.05	01:22:06.327	156.795	156.796			6
2026.01.05	01:22:09.743	156.796	156.797			6
2026.01.05	01:22:10.351	156.795	156.796			6
2026.01.05	01:22:11.270	156.794	156.795			6
2026.01.05	01:22:16.814	156.793	156.794			6
2026.01.05	01:22:18.362	156.791	156.792			6
2026.01.05	01:22:20.815	156.785	156.786			6
2026.01.05	01:22:21.123	156.784	156.785			6
2026.01.05	01:22:37.365	156.782	156.783			6
2026.01.05	01:22:39.827	156.781	156.782			6
2026.01.05	01:22:56.695	156.778	156.779			6
2026.01.05	01:22:57.007	156.779	156.780			6
2026.01.05	01:22:58.238	156.778	156.779			6
2026.01.05	01:23:00.094	156.778				2
2026.01.05	01:23:03.485	156.775	156.776			6
2026.01.05	01:23:03.793	156.774	156.775			6
2026.01.05	01:23:05.017	156.772	156.773			6
2026.01.05	01:23:07.806	156.771	156.772			6
2026.01.05	01:23:12.388	156.772	156.773			6
2026.01.05	01:23:14.857	156.773	156.774			6
2026.01.05	01:23:17.310	156.772	156.773			6
2026.01.05	01:23:17.621	156.773	156.774			6
2026.01.05	01:23:23.446	156.772	156.773			6
2026.01.05	01:23:23.749	156.773	156.774			6
2026.01.05	01:23:35.109	156.772	156.773			6
2026.01.05	01:23:38.178	156.771	156.772			6
2026.01.05	01:23:38.482	156.772	156.773			6
2026.01.05	01:23:41.522	156.771	156.772			6
2026.01.05	01:24:00.247	156.771				2
2026.01.05	01:24:18.375	156.772	156.773			6
2026.01.05	01:24:22.351	156.771	156.772			6
2026.01.05	01:24:33.074	156.772	156.773			6
2026.01.05	01:24:33.375	156.773	156.774			6
2026.01.05	01:24:37.059	156.772	156.773			6
2026.01.05	01:24:45.360	156.774	156.775			6
2026.01.05	01:24:46.893	156.773	156.774			6
2026.01.05	01:24:47.194	156.772	156.773			6
2026.01.05	01:24:47.805	156.773	156.774			6
2026.01.05	01:24:49.655	156.772	156.773			6
2026.01.05	01:24:51.199	156.773	156.774			6
2026.01.05	01:24:51.508	156.772	156.773			6
2026.01.05	01:24:52.123	156.773	156.774			6
2026.01.05	01:24:52.431	156.772	156.773			6
2026.01.05	01:25:00.095	156.773	156.774			6
2026.01.05	01:25:00.405	156.783	156.784			6
2026.01.05	01:25:04.704	156.782	156.783			6
2026.01.05	01:25:09.292	156.783	156.784			6
2026.01.05	01:25:14.495	156.782	156.783			6
2026.01.05	01:25:16.336	156.781	156.782			6
2026.01.05	01:25:16.643	156.782	156.783			6
2026.01.05	01:25:16.945	156.781	156.782			6
2026.01.05	01:25:23.997	156.771	156.772			6
2026.01.05	01:25:24.308	156.772	156.773			6
2026.01.05	01:25:32.096	156.773	156.774			6
2026.01.05	01:25:34.589	156.774	156.775			6
2026.01.05	01:25:35.194	156.775	156.776			6
2026.01.05	01:25:41.930	156.774	156.775			6
2026.01.05	01:25:45.901	156.775	156.776			6
2026.01.05	01:25:46.513	156.774	156.775			6
2026.01.05	01:25:47.126	156.775	156.776			6
2026.01.05	01:25:49.593	156.785	156.786			6
2026.01.05	01:25:50.210	156.783				2
2026.01.05	01:25:50.521	156.784	156.787			6
2026.01.05	01:25:52.086	156.785	156.788			6
2026.01.05	01:25:52.393	156.784	156.787			6
2026.01.05	01:25:54.270	156.785	156.788			6
2026.01.05	01:25:55.217	156.784	156.786			6
2026.01.05	01:25:57.711	156.783	156.785			6
2026.01.05	01:25:58.045	156.782	156.784			6
2026.01.05	01:26:00.209	156.782				2
2026.01.05	01:26:02.097	156.780	156.781			6
2026.01.05	01:26:02.404	156.779				2
2026.01.05	01:26:03.043	156.786	156.788			6
2026.01.05	01:26:04.291	156.785	156.789			6
2026.01.05	01:26:04.598	156.794	156.798			6
2026.01.05	01:26:04.914	156.795	156.799			6
2026.01.05	01:26:05.863	156.796	156.800			6
2026.01.05	01:26:06.177	156.795				2
2026.01.05	01:26:06.743	156.793	156.799			6
2026.01.05	01:26:10.129	156.794				2
2026.01.05	01:26:10.752	156.793	156.798			6
2026.01.05	01:26:13.865	156.794				2
2026.01.05	01:26:14.183	156.795	156.799			6
2026.01.05	01:26:16.056	156.796				2
2026.01.05	01:26:16.357		156.800			4
2026.01.05	01:26:16.796		156.799			4
2026.01.05	01:26:17.433		156.800			4
2026.01.05	01:26:17.743	156.797				2
2026.01.05	01:26:18.358	156.796				2
2026.01.05	01:26:19.287		156.799			4
2026.01.05	01:26:20.213		156.800			4
2026.01.05	01:26:20.528		156.799			4
2026.01.05	01:26:21.155	156.795				2
2026.01.05	01:26:22.102		156.798			4
2026.01.05	01:26:25.227		156.797			4
2026.01.05	01:26:26.169		156.798			4
2026.01.05	01:26:28.038		156.797			4
2026.01.05	01:26:28.979		156.798			4
2026.01.05	01:26:30.549	156.794	156.797			6
2026.01.05	01:26:31.157	156.795	156.798			6
2026.01.05	01:26:39.277	156.794	156.797			6
2026.01.05	01:26:39.897	156.795	156.798			6
2026.01.05	01:26:40.508	156.794	156.797			6
2026.01.05	01:26:41.131	156.795	156.798			6
2026.01.05	01:26:42.388		156.797			4
2026.01.05	01:26:50.207	156.796				2
2026.01.05	01:26:50.513	156.795	156.796			6
2026.01.05	01:26:50.820	156.796	156.797			6
2026.01.05	01:26:52.047	156.795	156.796			6
2026.01.05	01:26:52.352	156.794	156.795			6
2026.01.05	01:27:00.057	156.794				2
2026.01.05	01:27:00.673	156.795	156.796			6
2026.01.05	01:27:01.287	156.794	156.795			6
2026.01.05	01:27:03.421	156.795	156.796			6
2026.01.05	01:27:04.039	156.796	156.797			6
2026.01.05	01:27:20.910	156.795	156.796			6
2026.01.05	01:27:22.743	156.796	156.797			6
2026.01.05	01:27:23.973	156.795	156.796			6
2026.01.05	01:27:25.207	156.796	156.797			6
2026.01.05	01:27:26.128	156.795	156.796			6
2026.01.05	01:27:27.058	156.796	156.797			6
2026.01.05	01:27:31.643	156.797	156.798			6
2026.01.05	01:27:33.500	156.795	156.796			6
2026.01.05	01:27:47.605	156.796	156.797			6
2026.01.05	01:27:49.133	156.797	156.798			6
2026.01.05	01:27:49.439	156.796	156.797			6
2026.01.05	01:27:50.053	156.807	156.808			6
2026.01.05	01:27:50.362	156.808	156.809			6
2026.01.05	01:27:51.293	156.807	156.808			6
2026.01.05	01:27:52.863		156.809			4
2026.01.05	01:27:58.170	156.808				2
2026.01.05	01:28:00.025	156.808				2
2026.01.05	01:28:00.642	156.807	156.808			6
2026.01.05	01:28:05.310	156.808	156.809			6
2026.01.05	01:28:08.387	156.809	156.810			6
2026.01.05	01:28:11.769	156.808	156.809			6
2026.01.05	01:28:16.983	156.809	156.810			6
2026.01.05	01:28:24.034	156.808	156.809			6
2026.01.05	01:28:29.884	156.809	156.810			6
2026.01.05	01:28:37.900	156.818	156.819			6
2026.01.05	01:28:39.131	156.817	156.818			6
2026.01.05	01:28:41.624	156.818	156.819			6
2026.01.05	01:28:45.921	156.819	156.820			6
2026.01.05	01:28:52.364	156.821	156.822			6
2026.01.05	01:28:56.661	156.820	156.821			6
2026.01.05	01:29:00.026	156.820				2
2026.01.05	01:29:09.245	156.832	156.833			6
2026.01.05	01:29:09.858	156.833	156.834			6
2026.01.05	01:29:10.170	156.832				2
2026.01.05	01:29:14.207	156.839	156.843			6
2026.01.05	01:29:14.515		156.842			4
2026.01.05	01:29:15.136	156.838				2
2026.01.05	01:29:15.445	156.839	156.844			6
2026.01.05	01:29:16.357	156.838	156.843			6
2026.01.05	01:29:18.715		156.842			4
2026.01.05	01:29:19.023		156.843			4
2026.01.05	01:29:22.265	156.840	156.844			6
2026.01.05	01:29:23.201	156.839				2
2026.01.05	01:29:24.445	156.838	156.843			6
2026.01.05	01:29:24.866	156.839				2
2026.01.05	01:29:25.472	156.831	156.835			6
2026.01.05	01:29:25.778	156.828	156.833			6
2026.01.05	01:29:26.083	156.826	156.829			6
2026.01.05	01:29:26.415	156.824				2
2026.01.05	01:29:29.316	156.825				2
2026.01.05	01:29:29.618	156.827	156.832			6
2026.01.05	01:29:31.414	156.828	156.833			6
2026.01.05	01:29:39.680		156.834			4
2026.01.05	01:29:40.697	156.827	156.832			6
2026.01.05	01:29:42.415		156.833			4
2026.01.05	01:29:43.100		156.832			4
2026.01.05	01:29:45.866	156.826				2
2026.01.05	01:29:46.928		156.831			4
2026.01.05	01:29:50.663	156.827	156.832			6
2026.01.05	01:29:51.607	156.828				2
2026.01.05	01:29:52.231	156.829	156.834			6
2026.01.05	01:29:53.493	156.830				2
2026.01.05	01:29:58.209		156.833			4
2026.01.05	01:29:58.515		156.834			4
2026.01.05	01:30:00.095	156.830				2
2026.01.05	01:30:00.420	156.831				2
2026.01.05	01:30:01.963	156.830	156.833			6
2026.01.05	01:30:02.270	156.829				2
2026.01.05	01:30:02.895	156.830	156.834			6
2026.01.05	01:30:05.099	156.831	156.835			6
2026.01.05	01:30:06.358		156.834			4
2026.01.05	01:30:07.604	156.833	156.836			6
2026.01.05	01:30:09.172	156.832	156.835			6
2026.01.05	01:30:09.477	156.833	156.836			6
2026.01.05	01:30:09.792	156.832	156.835			6
2026.01.05	01:30:11.664	156.833	156.836			6
2026.01.05	01:30:12.909	156.838	156.841			6
2026.01.05	01:30:15.434	156.843	156.846			6
2026.01.05	01:30:16.379	156.841	156.845			6
2026.01.05	01:30:20.135	156.842				2
2026.01.05	01:30:21.384	156.841	156.844			6
2026.01.05	01:30:22.003	156.843	156.846			6
2026.01.05	01:30:22.320	156.842	156.845			6
2026.01.05	01:30:22.927	156.841	156.844			6
2026.01.05	01:30:26.678	156.842	156.845			6
2026.01.05	01:30:27.300	156.841	156.843			6
2026.01.05	01:30:33.121	156.842				2
2026.01.05	01:30:34.342	156.846	156.847			6
2026.01.05	01:30:35.257	156.845				2
2026.01.05	01:30:38.327	156.846				2
2026.01.05	01:30:40.467	156.847	156.848			6
2026.01.05	01:30:44.160	156.846	156.847			6
2026.01.05	01:30:50.903	156.847	156.848			6
2026.01.05	01:30:51.210	156.845	156.846			6
2026.01.05	01:30:51.513	156.843	156.844			6
2026.01.05	01:30:54.588	156.842	156.843			6
2026.01.05	01:30:59.523	156.843	156.844			6
2026.01.05	01:30:59.825	156.844	156.845			6
2026.01.05	01:31:00.137	156.844				2
2026.01.05	01:31:02.004	156.847	156.848			6
2026.01.05	01:31:02.914	156.848	156.849			6
2026.01.05	01:31:03.220	156.847	156.848			6
2026.01.05	01:31:03.832	156.843	156.844			6
2026.01.05	01:31:04.143	156.840	156.843			6
2026.01.05	01:31:04.463	156.847	156.850			6
2026.01.05	01:31:05.804		156.851			4
2026.01.05	01:31:06.427		156.850			4
2026.01.05	01:31:08.688	156.848				2
2026.01.05	01:31:08.994	156.855	156.859			6
2026.01.05	01:31:09.387	156.856				2
2026.01.05	01:31:12.739	156.859	156.863			6
2026.01.05	01:31:13.377	156.858	156.862			6
2026.01.05	01:31:13.982	156.859	156.863			6
2026.01.05	01:31:14.617	156.861	156.864			6
2026.01.05	01:31:15.123	156.867	156.868			6
2026.01.05	01:31:15.426	156.868	156.869			6
2026.01.05	01:31:15.996	156.867	156.868			6
2026.01.05	01:31:16.305	156.871	156.874			6
2026.01.05	01:31:17.266	156.874	156.875			6
2026.01.05	01:31:17.570	156.877	156.881			6
2026.01.05	01:31:17.874	156.876	156.879			6
2026.01.05	01:31:18.192	156.877	156.880			6
2026.01.05	01:31:19.455	156.879	156.883			6
2026.01.05	01:31:19.760		156.884			4
2026.01.05	01:31:20.073	156.880				2
2026.01.05	01:31:20.383	156.879				2
2026.01.05	01:31:21.327	156.871	156.876			6
2026.01.05	01:31:21.638	156.872	156.877			6
2026.01.05	01:31:21.941		156.876			4
2026.01.05	01:31:22.247	156.880	156.886			6
2026.01.05	01:31:22.862	156.882	156.887			6
2026.01.05	01:31:23.825		156.886			4
2026.01.05	01:31:24.741	156.884	156.889			6
2026.01.05	01:31:26.039	156.885				2
2026.01.05	01:31:26.359	156.884				2
2026.01.05	01:31:27.330	156.885				2
2026.01.05	01:31:27.634	156.888	156.891			6
2026.01.05	01:31:27.941	156.890	156.895			6
2026.01.05	01:31:29.940	156.889	156.893			6
2026.01.05	01:31:30.460	156.883	156.887			6
2026.01.05	01:31:31.742		156.888			4
2026.01.05	01:31:32.127		156.887			4
2026.01.05	01:31:32.801	156.889	156.890			6
2026.01.05	01:31:33.113	156.894	156.899			6
2026.01.05	01:31:33.421		156.900			4
2026.01.05	01:31:34.361	156.895				2
2026.01.05	01:31:34.669	156.894				2
2026.01.05	01:31:35.666	156.892	156.898			6
2026.01.05	01:31:36.096	156.894	156.899			6
2026.01.05	01:31:39.031	156.897	156.901			6
2026.01.05	01:31:39.339	156.895	156.900			6
2026.01.05	01:31:39.686	156.893	156.899			6
2026.01.05	01:31:39.995	156.895	156.900			6
2026.01.05	01:31:40.299	156.896	156.901			6
2026.01.05	01:31:41.005	156.894	156.900			6
2026.01.05	01:31:41.320	156.895				2
2026.01.05	01:31:41.634		156.901			4
2026.01.05	01:31:44.156	156.906	156.910			6
2026.01.05	01:31:44.459	156.907	156.913			6
2026.01.05	01:31:44.997	156.903	156.907			6
2026.01.05	01:31:45.311	156.904	156.908			6
2026.01.05	01:31:45.628	156.906	156.911			6
2026.01.05	01:31:46.040	156.896	156.900			6
2026.01.05	01:31:46.376	156.897				2
2026.01.05	01:31:46.686	156.904	156.909			6
2026.01.05	01:31:46.999	156.903	156.908			6
2026.01.05	01:31:47.338		156.907			4
2026.01.05	01:31:47.808		156.908			4
2026.01.05	01:31:49.488	156.901	156.907			6
2026.01.05	01:31:50.153		156.905			4
2026.01.05	01:31:50.911	156.896	156.901			6
2026.01.05	01:31:51.217	156.903	156.908			6
2026.01.05	01:31:52.138	156.902	156.907			6
2026.01.05	01:31:52.465	156.901	156.905			6
2026.01.05	01:31:52.770	156.900				2
2026.01.05	01:31:53.209		156.904			4
2026.01.05	01:31:53.517	156.896	156.901			6
2026.01.05	01:31:53.830	156.904	156.909			6
2026.01.05	01:31:54.169	156.905	156.910			6
2026.01.05	01:31:54.879	156.903	156.904			6
2026.01.05	01:31:55.181	156.894	156.898			6
2026.01.05	01:31:55.482	156.892	156.897			6
2026.01.05	01:31:56.237	156.891	156.895			6
2026.01.05	01:31:56.661	156.892				2
2026.01.05	01:31:57.375	156.890				2
2026.01.05	01:31:58.157	156.892	156.897			6
2026.01.05	01:32:00.550	156.893	156.898			6
2026.01.05	01:32:01.404	156.895	156.901			6
2026.01.05	01:32:02.097	156.907	156.912			6
2026.01.05	01:32:03.763	156.908	156.913			6
2026.01.05	01:32:04.302	156.904	156.909			6
2026.01.05	01:32:04.697		156.910			4
2026.01.05	01:32:06.769	156.903	156.908			6
2026.01.05	01:32:07.084	156.907	156.912			6
2026.01.05	01:32:08.088		156.913			4
2026.01.05	01:32:09.550	156.908				2
2026.01.05	01:32:10.555	156.913	156.918			6
2026.01.05	01:32:10.876	156.914	156.919			6
2026.01.05	01:32:13.347	156.907	156.912			6
2026.01.05	01:32:14.349	156.914	156.919			6
2026.01.05	01:32:17.053	156.916	156.921			6
2026.01.05	01:32:17.451	156.917	156.922			6
2026.01.05	01:32:18.930	156.909	156.913			6
2026.01.05	01:32:20.214	156.908				2
2026.01.05	01:32:21.058	156.909				2
2026.01.05	01:32:25.863		156.914			4
2026.01.05	01:32:26.582		156.913			4
2026.01.05	01:32:31.429	156.907	156.912			6
2026.01.05	01:32:33.131	156.906	156.911			6
2026.01.05	01:32:33.820	156.896	156.901			6
2026.01.05	01:32:34.158	156.895	156.900			6
2026.01.05	01:32:35.285	156.893	156.898			6
2026.01.05	01:32:38.035	156.894	156.899			6
2026.01.05	01:32:39.614	156.893	156.898			6
2026.01.05	01:32:40.422	156.894				2
2026.01.05	01:32:42.902	156.893	156.896			6
2026.01.05	01:32:44.476		156.898			4
2026.01.05	01:32:45.477	156.892	156.896			6
2026.01.05	01:32:46.107	156.893				2
2026.01.05	01:32:48.638		156.898			4
2026.01.05	01:32:49.264	156.885	156.888			6
2026.01.05	01:32:50.215		156.889			4
2026.01.05	01:32:52.164	156.892	156.895			6
2026.01.05	01:32:52.470	156.895	156.900			6
2026.01.05	01:32:52.775	156.896				2
2026.01.05	01:32:56.477	156.895	156.899			6
2026.01.05	01:32:57.088		156.896			4
2026.01.05	01:32:57.548		156.898			4
2026.01.05	01:33:00.035	156.895				2
2026.01.05	01:33:00.960	156.893	156.897			6
2026.01.05	01:33:01.263	156.895	156.898			6
2026.01.05	01:33:01.564	156.896	156.900			6
2026.01.05	01:33:04.069		156.901			4
2026.01.05	01:33:08.948		156.900			4
2026.01.05	01:33:10.209		156.901			4
2026.01.05	01:33:14.350		156.900			4
2026.01.05	01:33:17.743	156.897				2
2026.01.05	01:33:19.281	156.909	156.911			6
2026.01.05	01:33:19.582		156.912			4
2026.01.05	01:33:20.814	156.915	156.916			6
2026.01.05	01:33:21.119	156.917	156.918			6
2026.01.05	01:33:21.420		156.920			4
2026.01.05	01:33:22.347		156.921			4
2026.01.05	01:33:25.172		156.920			4
2026.01.05	01:33:27.357	156.915	156.918			6
2026.01.05	01:33:28.606		156.919			4
2026.01.05	01:33:29.214		156.917			4
2026.01.05	01:33:30.475	156.910	156.914			6
2026.01.05	01:33:30.781	156.909	156.913			6
2026.01.05	01:33:33.269	156.908				2
2026.01.05	01:33:34.199		156.912			4
2026.01.05	01:33:36.389	156.907				2
2026.01.05	01:33:40.997		156.910			4
2026.01.05	01:33:42.220		156.912			4
2026.01.05	01:33:44.062	156.909				2
2026.01.05	01:33:44.680	156.907				2
2026.01.05	01:33:45.298		156.911			4
2026.01.05	01:33:45.608	156.908	156.912			6
2026.01.05	01:33:47.134	156.907	156.911			6
2026.01.05	01:33:49.919	156.906	156.908			6
2026.01.05	01:33:50.224	156.908	156.911			6
2026.01.05	01:33:51.451		156.912			4
2026.01.05	01:33:53.292	156.909				2
2026.01.05	01:33:54.209	156.908	156.911			6
2026.01.05	01:33:57.261		156.910			4
2026.01.05	01:34:00.038	156.908				2
2026.01.05	01:34:00.346		156.909			4
2026.01.05	01:34:01.275	156.909	156.911			6
2026.01.05	01:34:03.428	156.910				2
2026.01.05	01:34:03.739	156.909				2
2026.01.05	01:34:08.321	156.910				2
2026.01.05	01:34:13.236	156.909	156.910			6
2026.01.05	01:34:13.544	156.908	156.909			6
2026.01.05	01:34:13.849	156.909	156.910			6
2026.01.05	01:34:14.770	156.910	156.911			6
2026.01.05	01:34:16.315	156.908	156.909			6
2026.01.05	01:34:20.302	156.909	156.910			6
2026.01.05	01:34:20.603	156.910	156.911			6
2026.01.05	01:34:26.111	156.911	156.912			6
2026.01.05	01:34:30.104	156.910	156.911			6
2026.01.05	01:34:32.274	156.911	156.912			6
2026.01.05	01:34:33.808	156.910	156.911			6
2026.01.05	01:34:34.429	156.906	156.907			6
2026.01.05	01:34:34.736	156.907	156.908			6
2026.01.05	01:34:39.943	156.908	156.909			6
2026.01.05	01:34:41.489	156.907	156.908			6
2026.01.05	01:34:42.421	156.899	156.900			6
2026.01.05	01:34:42.730	156.892	156.893			6
2026.01.05	01:34:43.334	156.894	156.895			6
2026.01.05	01:34:43.639	156.895	156.896			6
2026.01.05	01:34:43.945	156.894	156.895			6
2026.01.05	01:34:44.556	156.896	156.897			6
2026.01.05	01:34:49.770	156.897	156.898			6
2026.01.05	01:34:51.608	156.896	156.897			6
2026.01.05	01:34:53.434	156.897	156.898			6
2026.01.05	01:34:59.260	156.896	156.897			6
2026.01.05	01:35:00.185	156.908	156.909			6
2026.01.05	01:35:00.495	156.903	156.904			6
2026.01.05	01:35:00.809	156.902	156.903			6
2026.01.05	01:35:01.436	156.901	156.902			6
2026.01.05	01:35:02.680	156.902	156.903			6
2026.01.05	01:35:02.986	156.908	156.909			6
2026.01.05	01:35:04.219	156.909	156.910			6
2026.01.05	01:35:04.534	156.918	156.919			6
2026.01.05	01:35:04.839	156.919	156.920			6
2026.01.05	01:35:05.148	156.920	156.921			6
2026.01.05	01:35:05.453	156.919	156.920			6
2026.01.05	01:35:07.647	156.920	156.921			6
2026.01.05	01:35:07.950	156.919				2
2026.01.05	01:35:08.268		156.920			4
2026.01.05	01:35:10.127	156.918	156.919			6
2026.01.05	01:35:10.437	156.919	156.920			6
2026.01.05	01:35:15.643	156.918	156.919			6
2026.01.05	01:35:16.264	156.908	156.909			6
2026.01.05	01:35:19.391	156.907				2
2026.01.05	01:35:21.881		156.908			4
2026.01.05	01:35:23.127	156.906	156.907			6
2026.01.05	01:35:28.995	156.918	156.919			6
2026.01.05	01:35:30.222		156.920			4
2026.01.05	01:35:30.530	156.919				2
2026.01.05	01:35:33.036	156.920	156.921			6
2026.01.05	01:35:37.396	156.919	156.920			6
2026.01.05	01:35:41.457	156.917	156.919			6
2026.01.05	01:35:41.760		156.918			4
2026.01.05	01:35:42.392	156.916				2
2026.01.05	01:35:42.699	156.921	156.922			6
2026.01.05	01:35:43.015	156.929	156.930			6
2026.01.05	01:35:43.320	156.932	156.934			6
2026.01.05	01:35:43.637	156.933				2
2026.01.05	01:35:44.254		156.935			4
2026.01.05	01:35:45.804		156.936			4
2026.01.05	01:35:46.118		156.935			4
2026.01.05	01:35:46.429		156.936			4
2026.01.05	01:35:50.168		156.935			4
2026.01.05	01:35:50.805		156.934			4
2026.01.05	01:35:51.735	156.944	156.947			6
2026.01.05	01:35:52.039		156.946			4
2026.01.05	01:35:54.227	156.943	156.945			6
2026.01.05	01:35:56.114	156.941	156.944			6
2026.01.05	01:35:56.460	156.934	156.937			6
2026.01.05	01:35:56.762	156.933	156.936			6
2026.01.05	01:35:59.893		156.935			4
2026.01.05	01:36:00.198	156.933				2
2026.01.05	01:36:04.555	156.932				2
2026.01.05	01:36:06.114	156.933	156.934			6
2026.01.05	01:36:13.929	156.932				2
2026.01.05	01:36:14.250		156.933			4
2026.01.05	01:36:14.890	156.919	156.922			6
2026.01.05	01:36:15.201		156.920			4
2026.01.05	01:36:16.136		156.921			4
2026.01.05	01:36:17.700	156.916	156.920			6
2026.01.05	01:36:18.003	156.918				2
2026.01.05	01:36:19.551	156.919				2
2026.01.05	01:36:20.812	156.921	156.922			6
2026.01.05	01:36:21.133		156.923			4
2026.01.05	01:36:22.065	156.920				2
2026.01.05	01:36:24.887	156.921				2
2026.01.05	01:36:28.617		156.922			4
2026.01.05	01:36:33.615	156.920				2
2026.01.05	01:36:34.858		156.921			4
2026.01.05	01:36:35.164	156.919	156.920			6
2026.01.05	01:36:37.320	156.917				2
2026.01.05	01:36:37.629		156.919			4
2026.01.05	01:36:38.235	156.916	156.918			6
2026.01.05	01:36:42.229		156.917			4
2026.01.05	01:36:45.301	156.908	156.909			6
2026.01.05	01:36:48.094		156.910			4
2026.01.05	01:36:48.415	156.918	156.919			6
2026.01.05	01:36:48.723		156.920			4
2026.01.05	01:36:49.033	156.917	156.919			6
2026.01.05	01:36:49.353	156.918	156.921			6
2026.01.05	01:36:51.513	156.919	156.923			6
2026.01.05	01:36:53.374		156.922			4
2026.01.05	01:36:54.933		156.921			4
2026.01.05	01:36:59.292	156.920				2
2026.01.05	01:37:00.219	156.920				2
2026.01.05	01:37:03.616	156.919	156.920			6
2026.01.05	01:37:05.162	156.920	156.921			6
2026.01.05	01:37:06.105	156.919	156.920			6
2026.01.05	01:37:16.200	156.917	156.918			6
2026.01.05	01:37:16.508	156.918	156.919			6
2026.01.05	01:37:26.938	156.917	156.918			6
2026.01.05	01:37:27.245	156.916	156.917			6
2026.01.05	01:37:28.158	156.917	156.918			6
2026.01.05	01:37:38.902	156.916	156.917			6
2026.01.05	01:37:41.052	156.914	156.915			6
2026.01.05	01:37:41.968	156.913	156.914			6
2026.01.05	01:37:42.270	156.914	156.915			6
2026.01.05	01:37:44.105	156.913	156.914			6
2026.01.05	01:37:44.413	156.914	156.915			6
2026.01.05	01:37:49.937	156.912	156.913			6
2026.01.05	01:37:50.239	156.911	156.912			6
2026.01.05	01:37:52.082	156.910	156.911			6
2026.01.05	01:37:54.540	156.913	156.914			6
2026.01.05	01:37:54.850	156.914	156.915			6
2026.01.05	01:37:59.780	156.913	156.914			6
2026.01.05	01:38:00.081	156.913				2
2026.01.05	01:38:00.695	156.912	156.913			6
2026.01.05	01:38:01.316	156.911	156.912			6
2026.01.05	01:38:08.378	156.912	156.913			6
2026.01.05	01:38:15.433	156.913	156.914			6
2026.01.05	01:38:17.883	156.912	156.913			6
2026.01.05	01:38:26.768	156.913	156.914			6
2026.01.05	01:38:27.074	156.914	156.915			6
2026.01.05	01:38:29.813	156.913	156.914			6
2026.01.05	01:38:30.116	156.912	156.913			6
2026.01.05	01:38:37.766	156.911	156.912			6
2026.01.05	01:38:55.317	156.912	156.913			6
2026.01.05	01:38:55.628	156.913	156.914			6
2026.01.05	01:38:57.467	156.918	156.919			6
2026.01.05	01:39:00.230	156.918				2
2026.01.05	01:39:15.257	156.929	156.930			6
2026.01.05	01:39:16.794	156.932	156.933			6
2026.01.05	01:39:19.246	156.923	156.924			6
2026.01.05	01:39:19.561	156.920	156.921			6
2026.01.05	01:39:20.478	156.921	156.922			6
2026.01.05	01:39:24.779	156.923	156.924			6
2026.01.05	01:39:25.384	156.922	156.923			6
2026.01.05	01:39:26.920	156.923	156.924			6
2026.01.05	01:39:40.463	156.921	156.922			6
2026.01.05	01:39:48.120	156.920	156.921			6
2026.01.05	01:39:55.793	156.918	156.919			6
2026.01.05	01:39:56.096	156.917	156.918			6
2026.01.05	01:39:58.251	156.918	156.919			6
2026.01.05	01:40:00.095	156.918				2
2026.01.05	01:40:00.404	156.917	156.918			6
2026.01.05	01:40:02.241	156.915	156.916			6
2026.01.05	01:40:03.770	156.920	156.921			6
2026.01.05	01:40:15.148	156.919	156.920			6
2026.01.05	01:40:17.290	156.920	156.921			6
2026.01.05	01:40:17.908	156.921	156.922			6
2026.01.05	01:41:00.262	156.921				2
2026.01.05	01:41:03.328	156.922	156.923			6
2026.01.05	01:41:06.083	156.930	156.931			6
2026.01.05	01:41:07.005	156.931	156.932			6
2026.01.05	01:41:09.152	156.922	156.923			6
2026.01.05	01:41:09.458	156.923	156.924			6
2026.01.05	01:41:12.524	156.918	156.919			6
2026.01.05	01:41:21.408	156.928	156.929			6
2026.01.05	01:41:22.631	156.930	156.931			6
2026.01.05	01:41:51.188	156.931	156.932			6
2026.01.05	01:41:51.501	156.930	156.931			6
2026.01.05	01:41:52.115	156.931	156.932			6
2026.01.05	01:41:53.028	156.933	156.934			6
2026.01.05	01:42:00.100	156.933				2
2026.01.05	01:42:05.340	156.935	156.936			6
2026.01.05	01:42:07.175	156.931	156.932			6
2026.01.05	01:42:07.485	156.930	156.931			6
2026.01.05	01:42:14.845	156.931	156.932			6
2026.01.05	01:42:15.147	156.930	156.931			6
2026.01.05	01:42:15.761	156.931	156.932			6
2026.01.05	01:42:16.068	156.930	156.931			6
2026.01.05	01:42:19.141	156.931	156.932			6
2026.01.05	01:42:22.517	156.935	156.936			6
2026.01.05	01:42:40.341	156.943	156.944			6
2026.01.05	01:42:54.123	156.944	156.945			6
2026.01.05	01:42:54.429	156.943	156.944			6
2026.01.05	01:42:55.033	156.945	156.946			6
2026.01.05	01:42:55.348	156.944	156.945			6
2026.01.05	01:42:57.185	156.943	156.944			6
2026.01.05	01:43:00.244	156.943				2
2026.01.05	01:43:04.529	156.942	156.943			6
2026.01.05	01:43:05.150	156.943	156.944			6
2026.01.05	01:43:10.063	156.945	156.946			6
2026.01.05	01:43:13.441	156.944	156.945			6
2026.01.05	01:43:13.747	156.943	156.944			6
2026.01.05	01:43:14.362	156.944	156.945			6
2026.01.05	01:43:14.978	156.945	156.946			6
2026.01.05	01:43:15.287	156.953	156.954			6
2026.01.05	01:43:18.960	156.954	156.955			6
2026.01.05	01:43:19.881	156.953	156.954			6
2026.01.05	01:43:23.549	156.954	156.955			6
2026.01.05	01:43:24.786	156.956	156.957			6
2026.01.05	01:43:25.088	156.958	156.959			6
