<DATE>	<TIME>	<BID>	<ASK>	<LAST>	<VOLUME>	<FLAGS>
2026.05.21	00:03:30.635	158.891	158.936			6
2026.05.21	00:03:33.042	158.889	158.933			6
2026.05.21	00:03:34.767	158.870				2
2026.05.21	00:03:51.019	158.869				2
2026.05.21	00:04:00.069	158.869				2
2026.05.21	00:04:30.793	158.888				2
2026.05.21	00:04:31.860	158.896	158.934			6
2026.05.21	00:04:33.616	158.895				2
2026.05.21	00:04:43.647	158.894				2
2026.05.21	00:04:53.677	158.893				2
2026.05.21	00:05:00.301	158.893				2
2026.05.21	00:05:00.603		158.937			4
2026.05.21	00:05:02.107	158.871				2
2026.05.21	00:05:03.913	158.870	158.936			6
2026.05.21	00:05:05.716	158.874				2
2026.05.21	00:05:06.320	158.870				2
2026.05.21	00:05:06.922	158.874				2
2026.05.21	00:05:07.222	158.870				2
2026.05.21	00:05:08.124	158.871				2
2026.05.21	00:05:09.941	158.873				2
2026.05.21	00:05:14.155	158.876				2
2026.05.21	00:05:15.062	158.892				2
2026.05.21	00:05:18.071		158.933			4
2026.05.21	00:05:30.716		158.936			4
2026.05.21	00:05:37.629		158.933			4
2026.05.21	00:05:38.604		158.936			4
2026.05.21	00:05:41.915		158.933			4
2026.05.21	00:05:42.824		158.936			4
2026.05.21	00:05:43.730		158.933			4
2026.05.21	00:05:44.628		158.936			4
2026.05.21	00:05:45.536	158.876				2
2026.05.21	00:05:45.837	158.871				2
2026.05.21	00:05:47.646	158.880	158.933			6
2026.05.21	00:05:48.539	158.873	158.936			6
2026.05.21	00:05:49.751	158.880	158.933			6
2026.05.21	00:05:50.551	158.873	158.936			6
2026.05.21	00:05:51.760	158.880	158.933			6
2026.05.21	00:06:00.209	158.880				2
2026.05.21	00:06:21.750	158.883	158.929			6
2026.05.21	00:06:30.568	158.871	158.935			6
2026.05.21	00:06:31.569	158.879	158.934			6
2026.05.21	00:06:32.667	158.873	158.935			6
2026.05.21	00:06:34.544	158.871				2
2026.05.21	00:06:35.795	158.890				2
2026.05.21	00:06:37.551		158.929			4
2026.05.21	00:06:38.861		158.935			4
2026.05.21	00:06:41.865		158.929			4
2026.05.21	00:06:42.552		158.935			4
2026.05.21	00:06:43.555		158.929			4
2026.05.21	00:06:44.866		158.934			4
2026.05.21	00:06:45.865		158.935			4
2026.05.21	00:06:46.990	158.886	158.927			6
2026.05.21	00:06:47.575		158.921			4
2026.05.21	00:06:48.883		158.927			4
2026.05.21	00:06:49.586		158.921			4
2026.05.21	00:06:50.893	158.887	158.927			6
2026.05.21	00:06:51.192	158.886	158.913			6
2026.05.21	00:06:51.493	158.887	158.927			6
2026.05.21	00:06:51.797	158.886	158.913			6
2026.05.21	00:06:52.097	158.887	158.921			6
2026.05.21	00:06:52.400	158.886	158.913			6
2026.05.21	00:06:53.006	158.887	158.921			6
2026.05.21	00:06:53.306	158.886	158.913			6
2026.05.21	00:06:53.607	158.887	158.921			6
2026.05.21	00:06:53.907	158.886	158.913			6
2026.05.21	00:06:54.208	158.887	158.921			6
2026.05.21	00:06:54.508	158.886	158.913			6
2026.05.21	00:06:54.808		158.921			4
2026.05.21	00:06:55.977	158.847	158.897			6
2026.05.21	00:07:01.990	158.847				2
2026.05.21	00:07:02.289		158.898			4
2026.05.21	00:07:06.396	158.829				2
2026.05.21	00:07:11.219		158.932			4
2026.05.21	00:07:11.820	158.833				2
2026.05.21	00:07:21.785	158.837	158.930			6
2026.05.21	00:07:22.086	158.833	158.932			6
2026.05.21	00:07:22.687	158.837	158.930			6
2026.05.21	00:07:23.526	158.844	158.922			6
2026.05.21	00:07:30.565	158.833	158.932			6
2026.05.21	00:07:31.773	158.844	158.922			6
2026.05.21	00:07:32.640	158.833	158.932			6
2026.05.21	00:07:35.970	158.837	158.930			6
2026.05.21	00:07:36.580	158.833	158.932			6
2026.05.21	00:07:37.791	158.844	158.922			6
2026.05.21	00:07:38.682	158.838	158.932			6
2026.05.21	00:07:39.587		158.930			4
2026.05.21	00:07:41.002		158.932			4
2026.05.21	00:07:41.906	158.844	158.922			6
2026.05.21	00:07:42.584	158.838	158.932			6
2026.05.21	00:07:43.790	158.844	158.922			6
2026.05.21	00:07:45.605	158.838	158.930			6
2026.05.21	00:07:47.884	158.844	158.922			6
2026.05.21	00:07:50.682	158.838	158.930			6
2026.05.21	00:07:51.581	158.844	158.922			6
2026.05.21	00:08:01.157	158.844				2
2026.05.21	00:08:30.568	158.832	158.932			6
2026.05.21	00:08:31.773	158.844	158.922			6
2026.05.21	00:08:32.656	158.833	158.932			6
2026.05.21	00:08:34.769	158.832				2
2026.05.21	00:08:35.670	158.837	158.930			6
2026.05.21	00:08:36.598	158.832	158.932			6
2026.05.21	00:08:37.807	158.844	158.922			6
2026.05.21	00:08:38.583	158.832	158.932			6
2026.05.21	00:08:39.789	158.837	158.930			6
2026.05.21	00:08:40.582	158.833	158.932			6
2026.05.21	00:08:41.790	158.844	158.922			6
2026.05.21	00:08:42.502	158.832	158.932			6
2026.05.21	00:08:43.706	158.844	158.922			6
2026.05.21	00:08:45.582	158.837	158.930			6
2026.05.21	00:08:45.883	158.838				2
2026.05.21	00:08:47.582	158.844	158.922			6
2026.05.21	00:08:50.684	158.838	158.930			6
2026.05.21	00:08:51.780	158.844	158.922			6
2026.05.21	00:09:01.178	158.844				2
2026.05.21	00:09:30.568	158.829	158.932			6
2026.05.21	00:09:31.771	158.844	158.922			6
2026.05.21	00:09:32.683	158.833	158.932			6
2026.05.21	00:09:34.788	158.829				2
2026.05.21	00:09:35.689	158.837	158.930			6
2026.05.21	00:09:36.579	158.829	158.932			6
2026.05.21	00:09:37.791	158.844	158.922			6
2026.05.21	00:09:38.543	158.829	158.932			6
2026.05.21	00:09:39.753	158.837	158.930			6
2026.05.21	00:09:40.700	158.833	158.932			6
2026.05.21	00:09:41.907	158.844	158.922			6
2026.05.21	00:09:42.668	158.829	158.932			6
2026.05.21	00:09:43.870	158.844	158.922			6
2026.05.21	00:09:45.593	158.837	158.930			6
2026.05.21	00:09:46.646	158.840				2
2026.05.21	00:09:47.985	158.844	158.922			6
2026.05.21	00:09:50.683	158.840	158.930			6
2026.05.21	00:09:51.598	158.844	158.922			6
2026.05.21	00:10:00.070	158.840	158.932			6
2026.05.21	00:10:03.982	158.829				2
2026.05.21	00:10:04.586	158.841				2
2026.05.21	00:10:09.994	158.847				2
2026.05.21	00:10:10.896	158.864				2
2026.05.21	00:10:11.799	158.867	158.933			6
2026.05.21	00:11:00.245	158.867				2
2026.05.21	00:11:11.980		158.933			4
2026.05.21	00:11:17.992	158.889				2
2026.05.21	00:11:26.103	158.888				2
2026.05.21	00:11:49.283	158.867				2
2026.05.21	00:12:00.113	158.867				2
2026.05.21	00:12:12.156		158.933			4
2026.05.21	00:12:27.193	158.888				2
2026.05.21	00:12:58.478	158.867				2
2026.05.21	00:13:00.286	158.867				2
2026.05.21	00:13:07.809	158.863	158.925			6
2026.05.21	00:13:08.113	158.857	158.923			6
2026.05.21	00:13:32.499	158.881				2
2026.05.21	00:14:00.185	158.881				2
2026.05.21	00:14:03.190	158.857				2
2026.05.21	00:14:07.999	158.856	158.922			6
2026.05.21	00:14:34.177	158.849	158.894			6
2026.05.21	00:14:35.092	158.828	158.895			6
2026.05.21	00:14:37.499	158.849				2
2026.05.21	00:14:41.207		158.894			4
2026.05.21	00:14:49.792		158.893			4
2026.05.21	00:14:50.993	158.847	158.909			6
2026.05.21	00:15:00.009	158.847				2
2026.05.21	00:15:00.309		158.913			4
2026.05.21	00:15:08.742	158.829				2
2026.05.21	00:15:15.981	158.847				2
2026.05.21	00:15:46.978	158.829				2
2026.05.21	00:16:00.203	158.829				2
2026.05.21	00:16:00.502		158.913			4
2026.05.21	00:16:27.591	158.847				2
2026.05.21	00:16:58.570	158.836	158.915			6
2026.05.21	00:16:58.873	158.829				2
2026.05.21	00:17:00.080	158.829				2
2026.05.21	00:17:01.882		158.901			4
2026.05.21	00:17:04.291		158.905			4
2026.05.21	00:17:25.057		158.910			4
2026.05.21	00:17:31.074	158.836				2
2026.05.21	00:18:00.254	158.836				2
2026.05.21	00:18:01.456	158.829				2
2026.05.21	00:18:25.225		158.910			4
2026.05.21	00:18:36.380	158.836				2
2026.05.21	00:19:00.165	158.836				2
2026.05.21	00:19:07.390	158.829				2
2026.05.21	00:19:25.441		158.910			4
2026.05.21	00:19:45.301	158.836				2
2026.05.21	00:20:00.077	158.836				2
2026.05.21	00:20:16.318	158.815				2
2026.05.21	00:20:25.664		158.910			4
2026.05.21	00:20:35.895		158.915			4
2026.05.21	00:21:00.263	158.815				2
2026.05.21	00:21:09.294	158.836				2
2026.05.21	00:21:18.019	158.844	158.917			6
2026.05.21	00:21:27.055	158.843				2
2026.05.21	00:21:39.695	158.833				2
2026.05.21	00:21:43.315	158.826				2
2026.05.21	00:21:47.825	158.833				2
2026.05.21	00:21:58.063	158.826				2
2026.05.21	00:22:00.168	158.826				2
2026.05.21	00:22:02.575		158.919			4
2026.05.21	00:22:02.874	158.833				2
2026.05.21	00:22:13.094	158.826				2
2026.05.21	00:22:17.903	158.833				2
2026.05.21	00:22:22.413	158.843				2
2026.05.21	00:22:53.694	158.826				2
2026.05.21	00:23:00.008	158.826				2
2026.05.21	00:23:02.715		158.919			4
2026.05.21	00:23:13.267	158.827				2
2026.05.21	00:23:17.784	158.834				2
2026.05.21	00:23:28.005	158.827				2
2026.05.21	00:23:47.273	158.843				2
2026.05.21	00:24:00.204	158.843				2
2026.05.21	00:24:02.913		158.919			4
2026.05.21	00:24:18.558	158.827				2
2026.05.21	00:25:00.111	158.827				2
2026.05.21	00:25:03.115		158.919			4
2026.05.21	00:25:05.819	158.843				2
2026.05.21	00:25:36.807	158.834				2
2026.05.21	00:25:39.213	158.843				2
2026.05.21	00:26:00.295	158.843				2
2026.05.21	00:26:03.310		158.919			4
2026.05.21	00:26:10.544	158.833				2
2026.05.21	00:26:12.952	158.827				2
2026.05.21	00:26:16.564	158.843				2
2026.05.21	00:26:46.947	158.821				2
2026.05.21	00:27:00.194	158.821				2
2026.05.21	00:27:03.496		158.919			4
2026.05.21	00:27:29.092	158.843				2
2026.05.21	00:28:00.092	158.821				2
2026.05.21	00:28:03.694		158.919			4
2026.05.21	00:28:55.774	158.843				2
2026.05.21	00:29:00.291	158.843				2
2026.05.21	00:29:03.896		158.919			4
2026.05.21	00:29:26.767	158.821				2
2026.05.21	00:29:47.823	158.824				2
2026.05.21	00:29:49.325	158.844				2
2026.05.21	00:30:00.160	158.844				2
2026.05.21	00:30:04.071		158.919			4
2026.05.21	00:30:20.622	158.821				2
2026.05.21	00:30:23.935	158.826	158.910			6
2026.05.21	00:30:24.838	158.821				2
2026.05.21	00:30:33.882		158.917			4
2026.05.21	00:30:43.801	158.827				2
2026.05.21	00:30:44.705	158.821				2
2026.05.21	00:30:47.713	158.827				2
2026.05.21	00:30:52.823	158.844				2
2026.05.21	00:31:00.065	158.844				2
2026.05.21	00:31:23.852	158.825				2
2026.05.21	00:31:29.872	158.843				2
2026.05.21	00:31:34.087		158.917			4
2026.05.21	00:32:00.268	158.843				2
2026.05.21	00:32:01.173	158.825				2
2026.05.21	00:32:04.176	158.826				2
2026.05.21	00:32:11.993	158.821				2
2026.05.21	00:32:24.020	158.826				2
2026.05.21	00:32:26.132		158.919			4
2026.05.21	00:32:32.768	158.821	158.917			6
2026.05.21	00:32:33.372	158.832	158.919			6
2026.05.21	00:32:33.671	158.821	158.917			6
2026.05.21	00:32:34.273	158.832	158.919			6
2026.05.21	00:32:34.880	158.821	158.917			6
2026.05.21	00:32:35.190	158.826	158.919			6
2026.05.21	00:32:50.532	158.843				2
2026.05.21	00:33:00.170	158.843				2
2026.05.21	00:33:17.614		158.920			4
2026.05.21	00:33:21.519	158.826				2
2026.05.21	00:33:34.782	158.843				2
2026.05.21	00:34:00.053	158.843				2
2026.05.21	00:34:05.174	158.826				2
2026.05.21	00:34:17.797		158.920			4
2026.05.21	00:34:19.904	158.822				2
2026.05.21	00:34:25.319	158.824				2
2026.05.21	00:35:00.209	158.824				2
2026.05.21	00:35:05.617	158.843				2
2026.05.21	00:35:17.966		158.920			4
2026.05.21	00:35:36.919	158.825				2
2026.05.21	00:35:47.753	158.843				2
2026.05.21	00:36:00.095	158.843				2
2026.05.21	00:36:18.146		158.920			4
2026.05.21	00:36:19.048	158.825				2
2026.05.21	00:36:20.853	158.824				2
2026.05.21	00:36:29.285	158.823				2
2026.05.21	00:36:32.894	158.826				2
2026.05.21	00:36:38.911	158.824				2
2026.05.21	00:36:50.960	158.827				2
2026.05.21	00:37:00.291	158.827				2
2026.05.21	00:37:01.193	158.824				2
2026.05.21	00:37:06.001	158.826				2
2026.05.21	00:37:07.207	158.842				2
2026.05.21	00:37:18.344		158.920			4
2026.05.21	00:37:43.311	158.830				2
2026.05.21	00:38:00.168	158.830				2
2026.05.21	00:38:18.506		158.920			4
2026.05.21	00:38:22.116	158.832	158.910			6
2026.05.21	00:38:22.715		158.906			4
2026.05.21	00:38:28.744		158.908			4
2026.05.21	00:38:40.192	158.857				2
2026.05.21	00:39:00.052	158.857				2
2026.05.21	00:39:11.495	158.831				2
2026.05.21	00:39:12.093	158.857				2
2026.05.21	00:39:28.923		158.908			4
2026.05.21	00:39:42.465	158.831				2
2026.05.21	00:40:00.200	158.831				2
2026.05.21	00:40:16.747	158.857				2
2026.05.21	00:40:28.781		158.907			4
2026.05.21	00:40:33.489		158.908			4
2026.05.21	00:40:39.707		158.907			4
2026.05.21	00:40:47.402	158.833				2
2026.05.21	00:40:53.546	158.832				2
2026.05.21	00:41:01.157	158.832				2
2026.05.21	00:41:19.918	158.857				2
2026.05.21	00:41:40.194		158.907			4
2026.05.21	00:41:42.521	158.831				2
2026.05.21	00:41:43.270	158.857				2
2026.05.21	00:41:45.720	158.838				2
2026.05.21	00:41:46.624	158.857				2
2026.05.21	00:41:51.884	158.831				2
2026.05.21	00:41:54.162	158.830	158.893			6
2026.05.21	00:42:00.188	158.830				2
2026.05.21	00:42:11.317	158.831				2
2026.05.21	00:42:14.637		158.894			4
2026.05.21	00:42:27.465	158.850				2
2026.05.21	00:42:49.777		158.892			4
2026.05.21	00:42:58.494	158.830				2
2026.05.21	00:43:00.006	158.830				2
2026.05.21	00:43:28.593		158.894			4
2026.05.21	00:43:38.822		158.888			4
2026.05.21	00:43:40.625	158.829				2
2026.05.21	00:43:45.451	158.850				2
2026.05.21	00:44:00.191	158.850				2
2026.05.21	00:44:16.131	158.829				2
2026.05.21	00:44:38.988		158.888			4
2026.05.21	00:44:43.794	158.850				2
2026.05.21	00:45:00.033	158.850				2
2026.05.21	00:45:02.734	158.809				2
2026.05.21	00:45:05.765	158.849				2
2026.05.21	00:45:06.065	158.850				2
2026.05.21	00:45:15.095	158.829				2
2026.05.21	00:45:28.348	158.850				2
2026.05.21	00:45:39.186		158.888			4
2026.05.21	00:45:58.723	158.830				2
2026.05.21	00:46:00.231	158.830				2
2026.05.21	00:46:39.360		158.888			4
2026.05.21	00:46:41.166	158.850				2
2026.05.21	00:47:00.124	158.850				2
2026.05.21	00:47:02.821	158.810				2
2026.05.21	00:47:05.528	158.849				2
2026.05.21	00:47:05.828	158.850				2
2026.05.21	00:47:12.154	158.830				2
2026.05.21	00:47:39.543		158.888			4
2026.05.21	00:47:42.253	158.850				2
2026.05.21	00:48:00.009	158.850				2
2026.05.21	00:48:00.911	158.830				2
2026.05.21	00:48:01.512	158.850				2
2026.05.21	00:48:12.651	158.831				2
2026.05.21	00:48:22.581	158.850				2
2026.05.21	00:48:39.723		158.888			4
2026.05.21	00:48:52.959	158.831				2
2026.05.21	00:49:00.189	158.831				2
2026.05.21	00:49:11.020	158.850				2
2026.05.21	00:49:39.907		158.888			4
2026.05.21	00:49:41.408	158.832				2
2026.05.21	00:50:00.084	158.832				2
2026.05.21	00:50:27.481	158.850				2
2026.05.21	00:50:40.114		158.888			4
2026.05.21	00:50:58.463	158.832				2
2026.05.21	00:51:00.270	158.832				2
2026.05.21	00:51:22.827		158.889			4
2026.05.21	00:51:24.939	158.830	158.873			6
2026.05.21	00:51:26.754	158.829	158.874			6
2026.05.21	00:51:35.185		158.873			4
2026.05.21	00:51:38.493	158.838				2
2026.05.21	00:51:49.918		158.872			4
2026.05.21	00:52:00.146	158.838				2
2026.05.21	00:52:01.351	158.833	158.869			6
2026.05.21	00:52:01.651		158.868			4
2026.05.21	00:52:04.068		158.867			4
2026.05.21	00:52:07.683	158.831	158.863			6
2026.05.21	00:52:07.987		158.855			4
2026.05.21	00:52:08.887	158.833	158.870			6
2026.05.21	00:52:09.488	158.829	158.873			6
2026.05.21	00:52:13.094	158.838				2
2026.05.21	00:52:17.308	158.834	158.868			6
2026.05.21	00:52:21.292		158.867			4
2026.05.21	00:52:21.592	158.831	158.864			6
2026.05.21	00:52:26.107	158.834				2
2026.05.21	00:52:26.406		158.867			4
2026.05.21	00:52:41.458		158.866			4
2026.05.21	00:52:42.663		158.860			4
2026.05.21	00:52:43.820	158.827				2
2026.05.21	00:52:51.407	158.825	158.855			6
2026.05.21	00:53:00.293	158.834	158.888			6
2026.05.21	00:53:01.806		158.889			4
2026.05.21	00:53:07.218		158.888			4
2026.05.21	00:53:07.519	158.854				2
2026.05.21	00:53:10.524		158.890			4
2026.05.21	00:53:12.592		158.891			4
2026.05.21	00:53:15.478		158.892			4
2026.05.21	00:53:22.133	158.855				2
2026.05.21	00:53:22.503		158.888			4
2026.05.21	00:53:30.620		158.891			4
2026.05.21	00:53:38.041	158.834				2
2026.05.21	00:53:40.404	158.833	158.890			6
2026.05.21	00:53:48.495	158.835	158.886			6
2026.05.21	00:54:00.083	158.835				2
2026.05.21	00:54:00.384		158.888			4
2026.05.21	00:54:32.024	158.853				2
2026.05.21	00:54:39.865	158.830	158.852			6
2026.05.21	00:54:41.808	158.850	158.882			6
2026.05.21	00:54:52.607		158.883			4
2026.05.21	00:55:01.302	158.850				2
2026.05.21	00:55:03.207	158.830				2
2026.05.21	00:55:06.477		158.884			4
2026.05.21	00:55:06.779		158.883			4
2026.05.21	00:55:09.051	158.821	158.895			6
2026.05.21	00:55:09.350	158.830	158.883			6
2026.05.21	00:55:09.650		158.884			4
2026.05.21	00:55:17.421		158.885			4
2026.05.21	00:55:23.746	158.828				2
2026.05.21	00:55:24.349	158.850				2
2026.05.21	00:55:26.454		158.886			4
2026.05.21	00:55:27.658		158.885			4
2026.05.21	00:55:31.571		158.886			4
2026.05.21	00:55:31.874		158.888			4
2026.05.21	00:55:32.777		158.885			4
2026.05.21	00:55:33.981		158.884			4
2026.05.21	00:55:42.707		158.885			4
2026.05.21	00:55:44.510		158.886			4
2026.05.21	00:55:54.750	158.830				2
2026.05.21	00:56:00.178	158.830				2
2026.05.21	00:56:07.091	158.833	158.870			6
2026.05.21	00:56:17.010		158.871			4
2026.05.21	00:56:26.942	158.832	158.870			6
2026.05.21	00:56:37.198	158.833	158.871			6
2026.05.21	00:56:48.924	158.843				2
2026.05.21	00:56:52.235		158.870			4
2026.05.21	00:56:53.137		158.871			4
2026.05.21	00:56:53.745		158.870			4
2026.05.21	00:56:54.953		158.868			4
2026.05.21	00:57:00.080	158.843	158.870			6
2026.05.21	00:57:05.193		158.871			4
2026.05.21	00:57:09.997		158.870			4
2026.05.21	00:57:19.317	158.832				2
2026.05.21	00:57:19.915	158.833	158.871			6
2026.05.21	00:57:24.126	158.843				2
2026.05.21	00:57:26.233	158.853	158.885			6
2026.05.21	00:57:26.539		158.886			4
2026.05.21	00:57:28.053		158.887			4
2026.05.21	00:57:51.510		158.888			4
2026.05.21	00:57:54.513	158.837				2
2026.05.21	00:57:57.219	158.839				2
2026.05.21	00:58:00.224	158.839				2
2026.05.21	00:58:00.525		158.889			4
2026.05.21	00:58:02.625	158.840				2
2026.05.21	00:58:02.925	158.839				2
2026.05.21	00:58:03.225	158.851				2
2026.05.21	00:58:03.527	158.839				2
2026.05.21	00:58:03.825	158.851				2
2026.05.21	00:58:04.125	158.839				2
2026.05.21	00:58:04.432	158.851				2
2026.05.21	00:58:04.733	158.839				2
2026.05.21	00:58:05.036	158.851				2
2026.05.21	00:58:05.334	158.839				2
2026.05.21	00:58:05.634	158.851				2
2026.05.21	00:58:06.235	158.839				2
2026.05.21	00:58:06.537	158.851				2
2026.05.21	00:58:06.838	158.839				2
2026.05.21	00:58:20.704		158.888			4
2026.05.21	00:58:30.632	158.837				2
2026.05.21	00:58:33.648	158.839				2
2026.05.21	00:58:36.356		158.889			4
2026.05.21	00:58:38.766	158.837	158.888			6
2026.05.21	00:58:39.974	158.853				2
2026.05.21	00:58:44.178		158.887			4
2026.05.21	00:58:48.691		158.888			4
2026.05.21	00:59:00.115	158.853				2
2026.05.21	00:59:06.726		158.889			4
2026.05.21	00:59:11.247	158.837				2
2026.05.21	00:59:11.847	158.839				2
2026.05.21	00:59:13.660	158.837				2
2026.05.21	00:59:14.566	158.839				2
2026.05.21	00:59:17.576		158.888			4
2026.05.21	00:59:18.788		158.889			4
2026.05.21	00:59:21.794	158.853				2
2026.05.21	00:59:22.697		158.888			4
2026.05.21	00:59:31.725		158.889			4
2026.05.21	00:59:45.585	158.847				2
2026.05.21	00:59:52.196	158.840				2
2026.05.21	00:59:55.807		158.888			4
2026.05.21	01:00:00.018	158.840				2
2026.05.21	01:00:00.315	158.856	158.860			6
2026.05.21	01:00:00.618	158.859	158.866			6
2026.05.21	01:00:01.216	158.861	158.868			6
2026.05.21	01:00:01.516	158.862	158.869			6
2026.05.21	01:00:01.816	158.868	158.875			6
2026.05.21	01:00:02.118	158.867				2
2026.05.21	01:00:02.715	158.868	158.876			6
2026.05.21	01:00:03.617	158.869	158.877			6
2026.05.21	01:00:04.818	158.863	158.871			6
2026.05.21	01:00:05.118	158.865	158.873			6
2026.05.21	01:00:06.319	158.859	158.868			6
2026.05.21	01:00:06.620	158.858	158.867			6
2026.05.21	01:00:08.423	158.862	158.870			6
2026.05.21	01:00:08.723	158.869	158.878			6
2026.05.21	01:00:09.623	158.864	158.873			6
2026.05.21	01:00:10.825	158.863	158.872			6
2026.05.21	01:00:11.726	158.861	158.870			6
2026.05.21	01:00:12.027	158.859	158.868			6
2026.05.21	01:00:12.326	158.861	158.870			6
2026.05.21	01:00:14.427	158.860	158.869			6
2026.05.21	01:00:14.731	158.859	158.868			6
2026.05.21	01:00:15.334	158.852	158.861			6
2026.05.21	01:00:15.635	158.848	158.855			6
2026.05.21	01:00:15.934		158.856			4
2026.05.21	01:00:16.235		158.859			4
2026.05.21	01:00:16.535		158.858			4
2026.05.21	01:00:16.835	158.846	158.857			6
2026.05.21	01:00:17.136		158.856			4
2026.05.21	01:00:17.436	158.849				2
2026.05.21	01:00:17.736	158.846				2
2026.05.21	01:00:18.639	158.849				2
2026.05.21	01:00:30.959	158.846				2
2026.05.21	01:00:31.563		158.855			4
2026.05.21	01:00:31.863	158.850				2
2026.05.21	01:00:32.463	158.846				2
2026.05.21	01:00:35.170	158.845				2
2026.05.21	01:00:39.681	158.846				2
2026.05.21	01:00:40.282	158.847	158.853			6
2026.05.21	01:00:42.385		158.851			4
2026.05.21	01:00:44.190	158.845				2
2026.05.21	01:00:44.793	158.844	158.850			6
2026.05.21	01:00:45.089	158.845	158.851			6
2026.05.21	01:00:46.291	158.843	158.848			6
2026.05.21	01:00:46.895	158.844	158.850			6
2026.05.21	01:00:47.494	158.850	158.852			6
2026.05.21	01:00:47.792	158.854	158.855			6
2026.05.21	01:00:48.091	158.865	158.866			6
2026.05.21	01:00:48.392		158.867			4
2026.05.21	01:00:48.992		158.868			4
2026.05.21	01:00:49.293		158.869			4
2026.05.21	01:00:50.192		158.867			4
2026.05.21	01:00:51.396		158.868			4
2026.05.21	01:00:52.295	158.862				2
2026.05.21	01:00:54.094	158.861				2
2026.05.21	01:01:00.106	158.863				2
2026.05.21	01:01:00.406	158.862				2
2026.05.21	01:01:03.108	158.863				2
2026.05.21	01:01:03.408		158.867			4
2026.05.21	01:01:04.609	158.864	158.869			6
2026.05.21	01:01:04.909		158.871			4
2026.05.21	01:01:08.212		158.869			4
2026.05.21	01:01:16.321		158.868			4
2026.05.21	01:01:22.329		158.869			4
2026.05.21	01:01:23.229		158.868			4
2026.05.21	01:01:30.153		158.869			4
2026.05.21	01:01:31.353		158.866			4
2026.05.21	01:01:36.168		158.867			4
2026.05.21	01:01:45.188		158.868			4
2026.05.21	01:01:47.595	158.865	158.869			6
2026.05.21	01:01:51.494		158.870			4
2026.05.21	01:01:52.093	158.866	158.872			6
2026.05.21	01:02:00.204	158.866				2
2026.05.21	01:02:03.203	158.867				2
2026.05.21	01:02:03.502	158.865	158.870			6
2026.05.21	01:02:17.923	158.866	158.871			6
2026.05.21	01:02:18.223	158.864	158.869			6
2026.05.21	01:02:20.028	158.866				2
2026.05.21	01:02:20.636	158.864				2
2026.05.21	01:02:21.235	158.866				2
2026.05.21	01:02:21.835	158.864				2
2026.05.21	01:02:29.054	158.863	158.868			6
2026.05.21	01:02:30.252	158.864	158.869			6
2026.05.21	01:02:37.170		158.868			4
2026.05.21	01:02:41.678	158.866	158.870			6
2026.05.21	01:02:42.582	158.865	158.869			6
2026.05.21	01:02:43.781	158.867	158.871			6
2026.05.21	01:02:44.082	158.866	158.870			6
2026.05.21	01:02:44.383	158.865	158.869			6
2026.05.21	01:02:48.291	158.866				2
2026.05.21	01:02:53.694	158.867	158.871			6
2026.05.21	01:03:00.005	158.867				2
2026.05.21	01:03:00.300	158.866	158.870			6
2026.05.21	01:03:00.601	158.865	158.869			6
2026.05.21	01:03:15.321		158.868			4
2026.05.21	01:03:18.024	158.867	158.870			6
2026.05.21	01:03:20.129	158.866	158.869			6
2026.05.21	01:03:30.355	158.869	158.872			6
2026.05.21	01:03:45.379	158.870	158.873			6
2026.05.21	01:03:49.285	158.871				2
2026.05.21	01:03:51.688	158.870	158.872			6
2026.05.21	01:03:54.093	158.867	158.869			6
2026.05.21	01:03:54.392	158.866				2
2026.05.21	01:03:54.694	158.865	158.868			6
2026.05.21	01:03:55.592	158.864	158.867			6
2026.05.21	01:03:56.192	158.865	158.868			6
2026.05.21	01:03:57.097	158.864	158.867			6
2026.05.21	01:03:58.295		158.866			4
2026.05.21	01:04:00.101	158.864				2
2026.05.21	01:04:00.696	158.865	158.867			6
2026.05.21	01:04:02.806	158.864	158.866			6
2026.05.21	01:04:08.213	158.863	158.865			6
2026.05.21	01:04:18.426	158.862	158.864			6
2026.05.21	01:04:27.139	158.863				2
2026.05.21	01:04:44.290	158.862	158.863			6
2026.05.21	01:05:00.209	158.862				2
2026.05.21	01:05:06.216	158.864	158.865			6
2026.05.21	01:05:06.519	158.863	158.864			6
2026.05.21	01:05:08.320	158.857	158.858			6
2026.05.21	01:05:08.625	158.854	158.855			6
2026.05.21	01:05:08.924	158.852	158.853			6
2026.05.21	01:05:10.127	158.851	158.854			6
2026.05.21	01:05:13.434	158.850	158.853			6
2026.05.21	01:05:19.145	158.851				2
2026.05.21	01:05:20.649		158.854			4
2026.05.21	01:05:20.949	158.852	158.855			6
2026.05.21	01:05:27.262	158.853	158.856			6
2026.05.21	01:05:27.861	158.850	158.853			6
2026.05.21	01:05:30.569	158.851	158.854			6
2026.05.21	01:05:37.183		158.853			4
2026.05.21	01:05:49.798	158.850	158.852			6
2026.05.21	01:06:00.014	158.850				2
2026.05.21	01:06:04.218	158.851				2
2026.05.21	01:06:15.040	158.852	158.853			6
2026.05.21	01:06:30.383	158.851	158.852			6
2026.05.21	01:06:33.090	158.852	158.853			6
2026.05.21	01:06:46.315	158.864	158.865			6
2026.05.21	01:06:46.620	158.866	158.867			6
2026.05.21	01:06:46.914	158.865	158.866			6
2026.05.21	01:06:47.214	158.863	158.868			6
2026.05.21	01:06:48.715	158.862	158.867			6
2026.05.21	01:07:00.143	158.863	158.868			6
2026.05.21	01:07:00.445		158.867			4
2026.05.21	01:07:00.745		158.868			4
2026.05.21	01:07:04.653	158.864				2
2026.05.21	01:07:05.255		158.867			4
2026.05.21	01:07:13.373		158.866			4
2026.05.21	01:07:20.289		158.868			4
2026.05.21	01:07:20.585	158.865	158.869			6
2026.05.21	01:07:20.887	158.864	158.868			6
2026.05.21	01:07:21.190		158.866			4
2026.05.21	01:07:22.392		158.867			4
2026.05.21	01:07:22.691	158.863				2
2026.05.21	01:07:25.396		158.866			4
2026.05.21	01:07:30.198		158.867			4
2026.05.21	01:07:33.498	158.864	158.868			6
2026.05.21	01:07:38.612	158.863	158.867			6
2026.05.21	01:07:39.509		158.866			4
2026.05.21	01:07:46.421	158.885	158.888			6
2026.05.21	01:07:46.724	158.883	158.886			6
2026.05.21	01:07:47.321	158.881	158.889			6
2026.05.21	01:07:49.728	158.880	158.888			6
2026.05.21	01:07:50.031	158.883	158.891			6
2026.05.21	01:07:53.338	158.870	158.872			6
2026.05.21	01:07:53.635	158.864				2
2026.05.21	01:07:54.239		158.873			4
2026.05.21	01:07:54.537	158.863	158.870			6
2026.05.21	01:07:56.647	158.860	158.868			6
2026.05.21	01:07:57.541	158.859				2
2026.05.21	01:08:00.248	158.862	158.870			6
2026.05.21	01:08:15.591	158.861				2
2026.05.21	01:08:18.294	158.859	158.868			6
2026.05.21	01:08:19.194	158.854	158.860			6
2026.05.21	01:08:19.497	158.858	158.867			6
2026.05.21	01:08:21.294	158.856	158.862			6
2026.05.21	01:08:21.598	158.855				2
2026.05.21	01:08:28.204	158.856	158.865			6
2026.05.21	01:08:28.504	158.859	158.866			6
2026.05.21	01:08:28.804	158.857	158.865			6
2026.05.21	01:08:29.104		158.864			4
2026.05.21	01:08:29.409	158.855				2
2026.05.21	01:08:30.008		158.863			4
2026.05.21	01:08:30.305	158.857				2
2026.05.21	01:08:33.008		158.864			4
2026.05.21	01:08:33.309		158.863			4
2026.05.21	01:08:33.914	158.854	158.859			6
2026.05.21	01:08:34.213	158.852				2
2026.05.21	01:08:35.417		158.860			4
2026.05.21	01:08:39.317	158.853	158.861			6
2026.05.21	01:08:41.120		158.860			4
2026.05.21	01:08:44.419	158.851	158.859			6
2026.05.21	01:08:44.721	158.850	158.858			6
2026.05.21	01:08:48.927	158.851	158.859			6
2026.05.21	01:08:49.528	158.850	158.858			6
2026.05.21	01:08:49.828	158.851	158.859			6
2026.05.21	01:08:53.435	158.852	158.860			6
2026.05.21	01:09:00.055	158.852				2
2026.05.21	01:09:00.355	158.859	158.862			6
2026.05.21	01:09:08.176	158.858	158.863			6
2026.05.21	01:09:12.388	158.855	158.862			6
2026.05.21	01:09:14.191		158.861			4
2026.05.21	01:09:14.494	158.858	158.863			6
2026.05.21	01:09:18.395		158.862			4
2026.05.21	01:09:18.699	158.857				2
2026.05.21	01:09:20.800	158.858				2
2026.05.21	01:09:28.311	158.857				2
2026.05.21	01:09:29.814	158.863	158.869			6
2026.05.21	01:09:30.114	158.872	158.879			6
2026.05.21	01:09:30.415		158.880			4
2026.05.21	01:09:32.520	158.866	158.869			6
2026.05.21	01:09:32.817	158.863				2
2026.05.21	01:09:34.319	158.862				2
2026.05.21	01:09:35.219	158.863				2
2026.05.21	01:09:35.823	158.861				2
2026.05.21	01:09:37.020		158.868			4
2026.05.21	01:09:38.823	158.859	158.867			6
2026.05.21	01:09:39.725		158.866			4
2026.05.21	01:09:40.025	158.858				2
2026.05.21	01:09:42.128	158.859	158.867			6
2026.05.21	01:09:44.237	158.860				2
2026.05.21	01:10:00.160	158.860				2
2026.05.21	01:10:11.280	158.859				2
2026.05.21	01:10:14.288		158.866			4
2026.05.21	01:10:16.088	158.860	158.867			6
2026.05.21	01:10:30.509	158.861	158.868			6
2026.05.21	01:10:31.111	158.862	158.869			6
2026.05.21	01:10:32.012	158.865	158.871			6
2026.05.21	01:10:32.316		158.870			4
2026.05.21	01:10:32.612	158.864				2
2026.05.21	01:10:32.914	158.866	158.873			6
2026.05.21	01:10:34.116	158.871	158.878			6
2026.05.21	01:10:34.414	158.868	158.875			6
2026.05.21	01:10:35.014	158.867	158.874			6
2026.05.21	01:10:37.418		158.869			4
2026.05.21	01:10:37.718	158.864				2
2026.05.21	01:10:40.424	158.863				2
2026.05.21	01:10:43.730	158.859	158.860			6
2026.05.21	01:10:44.029	158.851	158.856			6
2026.05.21	01:10:44.329	158.849				2
2026.05.21	01:10:49.747	158.840	158.843			6
2026.05.21	01:10:50.041	158.838	158.844			6
2026.05.21	01:10:50.344	158.837				2
2026.05.21	01:10:52.146	158.839	158.847			6
2026.05.21	01:10:53.049	158.840	158.848			6
2026.05.21	01:10:53.354	158.839				2
2026.05.21	01:10:53.951	158.838	158.847			6
2026.05.21	01:10:55.152		158.846			4
2026.05.21	01:10:57.260	158.844	158.851			6
2026.05.21	01:10:57.560	158.845	158.853			6
2026.05.21	01:10:58.760		158.854			4
2026.05.21	01:11:00.265	158.845				2
2026.05.21	01:11:00.565	158.846				2
2026.05.21	01:11:01.470	158.845				2
2026.05.21	01:11:03.571	158.846				2
2026.05.21	01:11:10.497	158.845	158.853			6
2026.05.21	01:11:10.795	158.848	158.856			6
2026.05.21	01:11:11.392	158.849	158.857			6
2026.05.21	01:11:18.301		158.856			4
2026.05.21	01:11:21.909	158.848				2
2026.05.21	01:11:22.211	158.849				2
2026.05.21	01:11:23.711	158.847	158.854			6
2026.05.21	01:11:26.417	158.846				2
2026.05.21	01:11:27.621	158.847				2
2026.05.21	01:11:30.325	158.848	158.856			6
2026.05.21	01:11:30.925	158.847	158.855			6
2026.05.21	01:11:34.539	158.849	158.856			6
2026.05.21	01:11:40.259	158.848	158.855			6
2026.05.21	01:11:40.560	158.847	158.854			6
2026.05.21	01:11:41.766	158.848	158.855			6
2026.05.21	01:11:42.666	158.849				2
2026.05.21	01:11:47.478	158.848				2
2026.05.21	01:12:00.105	158.848				2
2026.05.21	01:12:00.403	158.849				2
2026.05.21	01:12:04.912	158.848				2
2026.05.21	01:12:05.213	158.849				2
2026.05.21	01:12:06.416	158.839	158.845			6
2026.05.21	01:12:06.714	158.838	158.844			6
2026.05.21	01:12:07.914		158.843			4
2026.05.21	01:12:08.214	158.837	158.844			6
2026.05.21	01:12:14.225		158.843			4
2026.05.21	01:12:14.526		158.844			4
2026.05.21	01:12:20.537		158.843			4
2026.05.21	01:12:20.840	158.838				2
2026.05.21	01:12:25.350		158.842			4
2026.05.21	01:12:28.670	158.836	158.837			6
2026.05.21	01:12:28.966	158.838	158.842			6
2026.05.21	01:12:29.270	158.836	158.837			6
2026.05.21	01:12:29.866	158.838	158.842			6
2026.05.21	01:12:30.167	158.836	158.837			6
2026.05.21	01:12:30.475	158.838	158.842			6
2026.05.21	01:12:30.770	158.836	158.837			6
2026.05.21	01:12:31.074	158.838	158.842			6
2026.05.21	01:12:31.371	158.836	158.837			6
2026.05.21	01:12:31.675	158.838	158.842			6
2026.05.21	01:12:31.971	158.836	158.837			6
2026.05.21	01:12:32.275	158.838	158.842			6
2026.05.21	01:12:41.893	158.837	158.843			6
2026.05.21	01:12:44.597	158.838	158.844			6
2026.05.21	01:12:47.001	158.837	158.843			6
2026.05.21	01:12:56.914	158.838	158.844			6
2026.05.21	01:12:58.416		158.843			4
2026.05.21	01:12:59.319		158.844			4
2026.05.21	01:13:00.220	158.838				2
2026.05.21	01:13:05.322	158.839				2
2026.05.21	01:13:13.449	158.838	158.843			6
2026.05.21	01:13:27.277	158.839	158.844			6
2026.05.21	01:13:27.578	158.838	158.843			6
2026.05.21	01:13:28.480	158.839	158.844			6
2026.05.21	01:13:31.189		158.843			4
2026.05.21	01:13:45.605	158.837	158.841			6
2026.05.21	01:13:57.323	158.838				2
2026.05.21	01:14:00.029	158.838				2
2026.05.21	01:14:00.637	158.837	158.840			6
2026.05.21	01:14:13.261	158.838	158.841			6
2026.05.21	01:14:20.172		158.840			4
2026.05.21	01:14:41.507	158.837	158.839			6
2026.05.21	01:14:42.106	158.838				2
2026.05.21	01:14:45.409	158.839	158.840			6
2026.05.21	01:14:48.114	158.838	158.839			6
2026.05.21	01:15:00.124	158.838				2
2026.05.21	01:15:08.541	158.839	158.840			6
2026.05.21	01:15:10.651	158.838	158.839			6
2026.05.21	01:15:16.361	158.839	158.840			6
2026.05.21	01:15:16.967	158.838	158.839			6
2026.05.21	01:15:18.770	158.839	158.840			6
2026.05.21	01:15:19.071	158.838	158.839			6
2026.05.21	01:15:52.425	158.839	158.840			6
2026.05.21	01:15:55.127	158.840	158.841			6
2026.05.21	01:15:57.836	158.842	158.843			6
2026.05.21	01:16:00.241	158.842				2
2026.05.21	01:16:03.550	158.841	158.842			6
2026.05.21	01:16:20.691	158.842	158.843			6
2026.05.21	01:16:21.291	158.840	158.841			6
2026.05.21	01:16:54.947	158.841	158.842			6
2026.05.21	01:16:55.245	158.842	158.843			6
2026.05.21	01:16:56.146	158.841	158.842			6
2026.05.21	01:16:56.750	158.840	158.841			6
2026.05.21	01:16:57.048	158.839	158.840			6
2026.05.21	01:17:00.058	158.839				2
2026.05.21	01:17:04.575	158.838	158.839			6
2026.05.21	01:17:05.174	158.839	158.840			6
2026.05.21	01:17:06.677	158.838	158.839			6
2026.05.21	01:17:13.291	158.839	158.840			6
2026.05.21	01:17:15.393	158.840	158.841			6
2026.05.21	01:17:19.000	158.839	158.840			6
2026.05.21	01:17:55.071	158.840	158.841			6
2026.05.21	01:18:00.179	158.840				2
2026.05.21	01:18:15.201	158.841	158.842			6
2026.05.21	01:18:15.500	158.840	158.841			6
2026.05.21	01:18:16.702	158.843	158.844			6
2026.05.21	01:18:17.002	158.845	158.846			6
2026.05.21	01:18:17.302	158.846	158.847			6
2026.05.21	01:18:17.603	158.845	158.846			6
2026.05.21	01:18:58.192	158.844	158.845			6
2026.05.21	01:19:00.295	158.843	158.844			6
2026.05.21	01:19:00.596	158.844	158.845			6
2026.05.21	01:19:04.803	158.843	158.844			6
2026.05.21	01:19:05.101	158.844	158.845			6
2026.05.21	01:19:10.213	158.848	158.849			6
2026.05.21	01:19:10.509	158.849	158.850			6
2026.05.21	01:19:11.114	158.850	158.851			6
2026.05.21	01:19:11.416	158.848	158.849			6
2026.05.21	01:19:24.938	158.840	158.841			6
2026.05.21	01:19:25.539	158.841	158.842			6
2026.05.21	01:19:28.246	158.840	158.841			6
2026.05.21	01:19:32.151	158.841	158.842			6
2026.05.21	01:19:35.158	158.840	158.841			6
2026.05.21	01:19:36.961	158.841	158.842			6
2026.05.21	01:19:45.682	158.840	158.841			6
2026.05.21	01:19:54.094	158.844	158.845			6
2026.05.21	01:19:56.491	158.845	158.846			6
2026.05.21	01:20:00.096	158.845				2
2026.05.21	01:20:04.008	158.849	158.850			6
2026.05.21	01:20:06.710	158.848	158.849			6
2026.05.21	01:20:25.028	158.849	158.850			6
2026.05.21	01:20:28.328	158.848	158.849			6
2026.05.21	01:20:43.066	158.849	158.850			6
2026.05.21	01:20:43.367	158.846	158.847			6
2026.05.21	01:20:43.666	158.845	158.846			6
2026.05.21	01:20:50.876	158.844	158.845			6
2026.05.21	01:20:52.982	158.845	158.846			6
2026.05.21	01:21:00.201	158.845				2
2026.05.21	01:21:08.010	158.846	158.847			6
2026.05.21	01:21:09.816	158.845	158.846			6
2026.05.21	01:21:15.519	158.846	158.847			6
2026.05.21	01:21:21.526	158.842	158.843			6
2026.05.21	01:21:25.136	158.841	158.842			6
2026.05.21	01:21:26.640	158.840	158.841			6
2026.05.21	01:21:26.941	158.841	158.842			6
2026.05.21	01:21:30.549	158.845	158.846			6
2026.05.21	01:21:31.447	158.851	158.852			6
2026.05.21	01:21:31.751	158.852	158.853			6
2026.05.21	01:21:34.156	158.851	158.852			6
2026.05.21	01:21:51.589	158.847	158.848			6
2026.05.21	01:21:51.893	158.846	158.847			6
2026.05.21	01:21:55.796	158.845	158.846			6
2026.05.21	01:22:00.297	158.845				2
2026.05.21	01:22:03.004	158.844	158.845			6
2026.05.21	01:22:13.217	158.845	158.846			6
2026.05.21	01:22:16.823	158.851	158.852			6
2026.05.21	01:22:17.124	158.852	158.853			6
2026.05.21	01:22:40.875	158.855	158.856			6
2026.05.21	01:22:41.175	158.856	158.857			6
2026.05.21	01:23:00.119	158.856				2
2026.05.21	01:23:41.306		158.857			4
2026.05.21	01:23:41.908	158.855	158.856			6
2026.05.21	01:23:58.726	158.856	158.857			6
2026.05.21	01:24:00.228	158.856				2
2026.05.21	01:24:02.938	158.855	158.856			6
2026.05.21	01:24:03.240	158.856	158.857			6
2026.05.21	01:24:17.391	158.855	158.856			6
2026.05.21	01:24:21.296	158.853	158.854			6
2026.05.21	01:24:23.104	158.854	158.855			6
2026.05.21	01:24:28.518	158.855	158.856			6
2026.05.21	01:24:29.115	158.854	158.855			6
2026.05.21	01:24:30.919	158.855	158.856			6
2026.05.21	01:24:48.385	158.854	158.855			6
2026.05.21	01:25:00.114	158.854				2
2026.05.21	01:25:00.411	158.855	158.856			6
2026.05.21	01:25:00.707	158.866	158.867			6
2026.05.21	01:25:01.008	158.868	158.869			6
2026.05.21	01:25:02.509	158.867	158.868			6
2026.05.21	01:25:04.019	158.866	158.867			6
2026.05.21	01:25:11.223	158.865	158.866			6
2026.05.21	01:25:22.955	158.866	158.867			6
2026.05.21	01:25:25.970	158.865	158.866			6
2026.05.21	01:25:29.275	158.866	158.867			6
2026.05.21	01:25:30.180	158.865	158.866			6
2026.05.21	01:25:46.705	158.866	158.867			6
2026.05.21	01:25:47.006	158.867	158.868			6
2026.05.21	01:25:56.927	158.866	158.867			6
2026.05.21	01:26:00.234	158.866				2
2026.05.21	01:26:22.181	158.865	158.866			6
2026.05.21	01:26:23.084	158.866	158.867			6
2026.05.21	01:26:32.397	158.865	158.866			6
2026.05.21	01:26:32.995	158.857	158.858			6
2026.05.21	01:26:33.296	158.856	158.857			6
2026.05.21	01:26:34.197	158.855	158.856			6
2026.05.21	01:26:34.497	158.856	158.857			6
2026.05.21	01:26:34.797	158.855	158.856			6
2026.05.21	01:26:36.899	158.854	158.855			6
2026.05.21	01:26:40.506	158.855	158.856			6
2026.05.21	01:26:44.113	158.856	158.857			6
2026.05.21	01:26:49.523	158.855	158.856			6
2026.05.21	01:26:56.433	158.856	158.857			6
2026.05.21	01:26:57.335	158.855	158.856			6
2026.05.21	01:27:00.041	158.855				2
2026.05.21	01:27:02.145	158.854	158.855			6
2026.05.21	01:27:18.089	158.853	158.854			6
2026.05.21	01:28:00.188	158.853				2
2026.05.21	01:28:07.093	158.852	158.853			6
2026.05.21	01:28:25.428	158.853	158.854			6
2026.05.21	01:28:31.142	158.852	158.853			6
2026.05.21	01:28:31.443	158.853	158.854			6
2026.05.21	01:28:31.743	158.854	158.855			6
2026.05.21	01:28:47.392	158.853	158.854			6
2026.05.21	01:28:55.213	158.854	158.855			6
2026.05.21	01:29:00.023	158.854				2
2026.05.21	01:29:01.226	158.857	158.858			6
2026.05.21	01:29:01.524	158.865	158.866			6
2026.05.21	01:29:24.990	158.866	158.867			6
2026.05.21	01:29:25.290	158.865	158.866			6
2026.05.21	01:29:49.620	158.866	158.867			6
2026.05.21	01:30:00.149	158.866				2
2026.05.21	01:30:01.652	158.865	158.866			6
2026.05.21	01:30:02.853	158.864	158.865			6
2026.05.21	01:30:04.656	158.865	158.866			6
2026.05.21	01:30:16.681	158.866	158.867			6
2026.05.21	01:30:19.987	158.867	158.868			6
2026.05.21	01:30:21.190	158.866	158.867			6
2026.05.21	01:30:26.295	158.865	158.866			6
2026.05.21	01:30:33.814	158.866	158.867			6
2026.05.21	01:31:00.279	158.866				2
2026.05.21	01:31:18.002	158.865	158.866			6
2026.05.21	01:31:22.810	158.866	158.867			6
2026.05.21	01:31:28.819	158.867	158.868			6
2026.05.21	01:31:31.520	158.866	158.867			6
2026.05.21	01:31:33.322	158.865	158.866			6
2026.05.21	01:31:38.132	158.866	158.867			6
2026.05.21	01:31:41.440	158.865	158.866			6
2026.05.21	01:31:42.944	158.866	158.867			6
2026.05.21	01:31:56.488	158.865	158.866			6
2026.05.21	01:32:00.092	158.865				2
2026.05.21	01:32:02.792	158.864	158.865			6
2026.05.21	01:32:03.092	158.865	158.866			6
2026.05.21	01:32:04.893	158.866	158.867			6
2026.05.21	01:32:51.791	158.865	158.866			6
2026.05.21	01:33:00.201	158.865				2
2026.05.21	01:33:00.807	158.866	158.867			6
2026.05.21	01:33:01.109	158.865	158.866			6
2026.05.21	01:33:03.209	158.866	158.867			6
2026.05.21	01:33:11.320	158.865	158.866			6
2026.05.21	01:33:13.725	158.866	158.867			6
2026.05.21	01:33:17.631	158.865	158.866			6
2026.05.21	01:33:17.931	158.866	158.867			6
2026.05.21	01:33:19.141	158.865	158.866			6
2026.05.21	01:33:20.640	158.864	158.865			6
2026.05.21	01:33:25.750	158.863	158.864			6
2026.05.21	01:33:26.949	158.864	158.865			6
2026.05.21	01:33:37.176	158.863	158.864			6
2026.05.21	01:33:41.386	158.865	158.866			6
2026.05.21	01:33:53.098	158.863	158.864			6
2026.05.21	01:33:56.708	158.861	158.862			6
2026.05.21	01:33:57.008	158.862	158.863			6
2026.05.21	01:33:57.309	158.861	158.862			6
2026.05.21	01:33:57.608	158.862	158.863			6
2026.05.21	01:34:00.015	158.862				2
2026.05.21	01:34:04.516	158.864	158.865			6
2026.05.21	01:34:06.921	158.863	158.864			6
2026.05.21	01:34:07.218	158.864	158.865			6
2026.05.21	01:34:07.818	158.863	158.864			6
2026.05.21	01:34:28.880	158.864	158.865			6
2026.05.21	01:34:30.381	158.853	158.854			6
2026.05.21	01:34:35.189	158.852	158.853			6
2026.05.21	01:34:35.489	158.851	158.852			6
2026.05.21	01:34:36.092	158.852	158.853			6
2026.05.21	01:34:36.691	158.853	158.854			6
2026.05.21	01:34:43.000	158.854	158.855			6
2026.05.21	01:34:57.120	158.855	158.856			6
2026.05.21	01:34:58.925	158.854	158.855			6
2026.05.21	01:35:00.127	158.854				2
2026.05.21	01:35:01.933	158.853	158.854			6
2026.05.21	01:35:05.237	158.854	158.855			6
2026.05.21	01:35:07.343	158.855	158.856			6
2026.05.21	01:35:09.150	158.854	158.855			6
2026.05.21	01:35:09.757	158.853	158.854			6
2026.05.21	01:35:21.491	158.854	158.855			6
2026.05.21	01:35:35.316	158.852	158.853			6
2026.05.21	01:35:36.517	158.851	158.852			6
2026.05.21	01:35:37.118	158.852	158.853			6
2026.05.21	01:35:38.920	158.851	158.852			6
2026.05.21	01:35:39.827	158.852	158.853			6
2026.05.21	01:35:43.727	158.851	158.852			6
2026.05.21	01:35:44.027	158.852	158.853			6
2026.05.21	01:35:46.737	158.851	158.852			6
2026.05.21	01:35:47.337	158.852	158.853			6
2026.05.21	01:35:47.642	158.853	158.854			6
2026.05.21	01:35:48.239	158.849	158.850			6
2026.05.21	01:35:48.539	158.848	158.849			6
2026.05.21	01:35:54.857	158.849	158.850			6
2026.05.21	01:36:00.278	158.849				2
2026.05.21	01:36:05.676	158.851	158.852			6
2026.05.21	01:36:05.978	158.853	158.854			6
2026.05.21	01:36:08.382	158.854	158.855			6
2026.05.21	01:36:26.116	158.855	158.856			6
2026.05.21	01:36:26.417	158.854	158.855			6
2026.05.21	01:36:28.822	158.855	158.856			6
2026.05.21	01:36:32.726	158.853	158.854			6
2026.05.21	01:36:52.591	158.854	158.855			6
2026.05.21	01:37:00.100	158.854				2
2026.05.21	01:37:00.401	158.853	158.854			6
2026.05.21	01:37:07.918	158.854	158.855			6
2026.05.21	01:37:17.239	158.853	158.854			6
2026.05.21	01:37:17.538	158.854	158.855			6
2026.05.21	01:37:28.371	158.855	158.856			6
2026.05.21	01:37:40.094	158.854	158.855			6
2026.05.21	01:37:42.497	158.853	158.854			6
2026.05.21	01:38:00.236	158.853				2
2026.05.21	01:38:02.041	158.854	158.855			6
2026.05.21	01:38:02.941	158.855	158.856			6
2026.05.21	01:38:04.146	158.854	158.855			6
2026.05.21	01:38:09.256	158.855	158.856			6
2026.05.21	01:38:09.557	158.854	158.855			6
2026.05.21	01:38:21.892	158.851	158.852			6
2026.05.21	01:38:22.793	158.852	158.853			6
2026.05.21	01:38:23.094	158.851	158.852			6
2026.05.21	01:38:25.197	158.852	158.853			6
2026.05.21	01:38:28.208	158.851	158.852			6
2026.05.21	01:38:33.616	158.852	158.853			6
2026.05.21	01:38:42.338	158.851	158.852			6
2026.05.21	01:38:56.492	158.852	158.853			6
2026.05.21	01:39:00.095	158.852				2
2026.05.21	01:39:24.447	158.853	158.854			6
2026.05.21	01:39:29.853	158.852	158.853			6
2026.05.21	01:39:37.378	158.851	158.852			6
2026.05.21	01:39:39.786	158.853	158.854			6
2026.05.21	01:40:00.247	158.853				2
2026.05.21	01:40:10.474	158.852	158.853			6
2026.05.21	01:40:16.786	158.854	158.855			6
2026.05.21	01:40:21.292	158.852	158.853			6
2026.05.21	01:40:42.021	158.853	158.854			6
2026.05.21	01:40:42.321	158.854	158.855			6
2026.05.21	01:40:44.123	158.853	158.854			6
2026.05.21	01:40:47.725	158.854	158.855			6
2026.05.21	01:40:49.526	158.853	158.854			6
2026.05.21	01:40:54.632	158.852	158.853			6
2026.05.21	01:41:00.047	158.852				2
2026.05.21	01:41:11.771	158.847	158.848			6
2026.05.21	01:41:12.072	158.845	158.846			6
2026.05.21	01:41:13.874	158.844	158.845			6
2026.05.21	01:41:14.475	158.848	158.849			6
2026.05.21	01:41:14.774	158.849	158.850			6
2026.05.21	01:41:17.481	158.852	158.853			6
2026.05.21	01:41:17.782	158.851	158.852			6
2026.05.21	01:41:26.793	158.850	158.851			6
2026.05.21	01:41:32.809	158.851	158.852			6
2026.05.21	01:41:46.926	158.849	158.850			6
2026.05.21	01:41:57.467	158.851	158.852			6
2026.05.21	01:42:00.178	158.851				2
2026.05.21	01:42:07.098	158.849	158.850			6
2026.05.21	01:42:07.394	158.846	158.847			6
2026.05.21	01:42:07.694	158.845	158.846			6
2026.05.21	01:42:38.057	158.844	158.845			6
2026.05.21	01:42:38.659	158.842	158.843			6
2026.05.21	01:42:38.962	158.840	158.841			6
2026.05.21	01:43:00.298	158.840				2
2026.05.21	01:43:11.719	158.841	158.842			6
2026.05.21	01:43:23.154	158.840	158.841			6
2026.05.21	01:43:40.896	158.839	158.840			6
2026.05.21	01:43:41.196	158.838	158.839			6
2026.05.21	01:43:41.497	158.839	158.840			6
2026.05.21	01:43:42.097	158.838	158.839			6
2026.05.21	01:43:46.600	158.840	158.841			6
2026.05.21	01:43:48.104	158.841	158.842			6
2026.05.21	01:43:52.313	158.840	158.841			6
2026.05.21	01:44:00.127	158.840				2
2026.05.21	01:44:00.728	158.839	158.840			6
2026.05.21	01:44:07.945	158.841	158.842			6
2026.05.21	01:44:08.247	158.840	158.841			6
2026.05.21	01:44:13.970	158.841	158.842			6
2026.05.21	01:44:18.482	158.842	158.843			6
2026.05.21	01:44:21.792	158.841	158.842			6
2026.05.21	01:44:24.492	158.842	158.843			6
2026.05.21	01:44:31.409	158.839	158.840			6
2026.05.21	01:44:40.121	158.840	158.841			6
2026.05.21	01:44:41.625	158.841	158.842			6
2026.05.21	01:45:00.291	158.841				2
2026.05.21	01:45:06.898	158.843	158.844			6
2026.05.21	01:45:17.220	158.842	158.843			6
2026.05.21	01:45:18.423	158.843	158.844			6
2026.05.21	01:45:18.722	158.842	158.843			6
2026.05.21	01:45:19.623	158.843	158.844			6
2026.05.21	01:45:23.838	158.841	158.842			6
2026.05.21	01:45:34.373	158.843	158.844			6
2026.05.21	01:45:34.674	158.844	158.845			6
2026.05.21	01:45:35.276	158.843	158.844			6
2026.05.21	01:45:36.177	158.844	158.845			6
2026.05.21	01:45:36.780	158.843	158.844			6
2026.05.21	01:45:47.299	158.842	158.843			6
2026.05.21	01:46:00.221	158.842				2
2026.05.21	01:46:00.520	158.843	158.844			6
2026.05.21	01:46:01.119	158.842	158.843			6
2026.05.21	01:46:04.123	158.844	158.845			6
2026.05.21	01:46:19.762	158.842	158.843			6
2026.05.21	01:46:20.065	158.841	158.842			6
2026.05.21	01:46:20.966	158.842	158.843			6
2026.05.21	01:46:24.875	158.841	158.842			6
2026.05.21	01:46:26.685	158.842	158.843			6
2026.05.21	01:46:45.620	158.843	158.844			6
2026.05.21	01:46:45.919	158.841	158.842			6
2026.05.21	01:46:53.734	158.842	158.843			6
2026.05.21	01:47:00.051	158.842				2
2026.05.21	01:47:11.485	158.841	158.842			6
2026.05.21	01:47:28.311	158.842	158.843			6
2026.05.21	01:47:30.716	158.841	158.842			6
2026.05.21	01:47:43.364	158.840	158.841			6
2026.05.21	01:47:44.267	158.841	158.842			6
2026.05.21	01:48:00.192	158.841				2
2026.05.21	01:48:22.728	158.842	158.843			6
2026.05.21	01:48:32.948	158.840	158.841			6
2026.05.21	01:48:35.051	158.843	158.844			6
2026.05.21	01:48:35.654	158.842	158.843			6
2026.05.21	01:48:35.955	158.843	158.844			6
2026.05.21	01:48:54.295	158.842	158.843			6
2026.05.21	01:49:00.010	158.842				2
2026.05.21	01:49:12.630	158.840	158.841			6
2026.05.21	01:49:17.751	158.842	158.843			6
2026.05.21	01:49:24.968	158.843	158.844			6
2026.05.21	01:49:25.569	158.842	158.843			6
2026.05.21	01:49:27.072	158.841	158.842			6
2026.05.21	01:49:30.077	158.842	158.843			6
2026.05.21	01:49:36.086	158.843	158.844			6
2026.05.21	01:49:43.299	158.842	158.843			6
2026.05.21	01:49:54.117	158.844	158.845			6
2026.05.21	01:50:00.124	158.844				2
2026.05.21	01:50:00.424	158.843	158.844			6
2026.05.21	01:50:03.129	158.844	158.845			6
2026.05.21	01:50:03.429	158.851	158.852			6
2026.05.21	01:50:03.730	158.852	158.853			6
2026.05.21	01:50:04.635	158.853	158.854			6
2026.05.21	01:50:10.957	158.852	158.853			6
2026.05.21	01:50:14.568	158.853	158.854			6
2026.05.21	01:50:14.867	158.852	158.853			6
2026.05.21	01:50:20.579	158.853	158.854			6
2026.05.21	01:50:29.295	158.855	158.856			6
2026.05.21	01:50:29.593	158.854	158.855			6
2026.05.21	01:50:34.409	158.853	158.854			6
2026.05.21	01:50:38.015	158.854	158.855			6
2026.05.21	01:50:42.222	158.852	158.853			6
2026.05.21	01:50:42.523	158.853	158.854			6
2026.05.21	01:50:44.324	158.852	158.853			6
2026.05.21	01:50:44.624	158.853	158.854			6
2026.05.21	01:51:00.282	158.853				2
2026.05.21	01:51:05.094	158.854	158.855			6
2026.05.21	01:51:06.905	158.853	158.854			6
2026.05.21	01:51:19.525	158.852	158.853			6
2026.05.21	01:51:30.960	158.853	158.854			6
2026.05.21	01:51:32.763	158.854	158.855			6
2026.05.21	01:51:36.072	158.853	158.854			6
2026.05.21	01:51:37.575	158.854	158.855			6
2026.05.21	01:51:37.875	158.853	158.854			6
2026.05.21	01:51:38.175	158.854	158.855			6
2026.05.21	01:51:38.780	158.853	158.854			6
2026.05.21	01:51:39.077	158.852	158.853			6
2026.05.21	01:51:40.281	158.853	158.854			6
2026.05.21	01:51:41.784	158.852	158.853			6
2026.05.21	01:51:42.990	158.853	158.854			6
2026.05.21	01:51:48.394	158.854	158.855			6
2026.05.21	01:51:49.293	158.852	158.853			6
2026.05.21	01:51:51.997	158.853	158.854			6
2026.05.21	01:51:52.296	158.854	158.855			6
2026.05.21	01:51:53.501	158.853	158.854			6
2026.05.21	01:51:55.005	158.854	158.855			6
2026.05.21	01:51:58.310	158.852	158.853			6
2026.05.21	01:52:00.114	158.853	158.854			6
2026.05.21	01:52:07.026	158.854	158.855			6
2026.05.21	01:52:11.233	158.853	158.854			6
2026.05.21	01:52:16.345	158.854	158.855			6
2026.05.21	01:52:30.181	158.853	158.854			6
2026.05.21	01:52:40.098	158.854	158.855			6
2026.05.21	01:53:00.246	158.854				2
2026.05.21	01:53:00.848	158.851	158.852			6
2026.05.21	01:53:01.749	158.852	158.853			6
2026.05.21	01:53:09.268	158.853	158.854			6
2026.05.21	01:53:09.571	158.854	158.855			6
2026.05.21	01:53:11.374	158.853	158.854			6
2026.05.21	01:53:11.675	158.852	158.853			6
2026.05.21	01:53:14.081	158.853	158.854			6
2026.05.21	01:53:22.793	158.852	158.853			6
2026.05.21	01:53:24.294	158.851	158.852			6
2026.05.21	01:53:26.095	158.852	158.853			6
2026.05.21	01:53:27.898	158.854	158.855			6
2026.05.21	01:53:29.098	158.853	158.854			6
2026.05.21	01:53:47.444	158.852	158.853			6
2026.05.21	01:53:48.345	158.853	158.854			6
2026.05.21	01:54:00.085	158.853				2
2026.05.21	01:54:12.716	158.854	158.855			6
2026.05.21	01:54:13.610	158.853	158.854			6
2026.05.21	01:54:55.406	158.852	158.853			6
2026.05.21	01:55:00.222	158.852				2
2026.05.21	01:55:05.623	158.851	158.852			6
2026.05.21	01:55:07.131	158.850	158.851			6
2026.05.21	01:55:12.234	158.844	158.845			6
2026.05.21	01:55:12.538	158.843	158.844			6
2026.05.21	01:55:12.841	158.842	158.843			6
2026.05.21	01:55:13.740	158.843	158.844			6
2026.05.21	01:55:14.037	158.846	158.847			6
2026.05.21	01:55:14.338	158.845	158.846			6
2026.05.21	01:55:21.568	158.846	158.847			6
2026.05.21	01:55:28.192	158.848	158.849			6
2026.05.21	01:55:28.786	158.847	158.848			6
2026.05.21	01:55:30.894	158.846	158.847			6
2026.05.21	01:55:36.000	158.844	158.845			6
2026.05.21	01:55:39.015	158.846	158.847			6
2026.05.21	01:55:39.617	158.844	158.845			6
2026.05.21	01:55:41.116	158.845	158.846			6
2026.05.21	01:55:41.419	158.846	158.847			6
2026.05.21	01:55:43.219	158.847	158.848			6
2026.05.21	01:55:43.822	158.846	158.847			6
2026.05.21	01:55:44.724	158.844	158.845			6
2026.05.21	01:55:45.025	158.845	158.846			6
2026.05.21	01:55:45.623	158.846	158.847			6
2026.05.21	01:55:45.923	158.843	158.844			6
2026.05.21	01:55:48.937	158.846	158.847			6
2026.05.21	01:55:49.238	158.843	158.844			6
2026.05.21	01:55:53.157	158.847	158.848			6
2026.05.21	01:55:53.456	158.845	158.846			6
2026.05.21	01:56:00.072	158.845				2
2026.05.21	01:56:14.799	158.847	158.848			6
2026.05.21	01:56:17.806	158.845	158.846			6
2026.05.21	01:56:18.107	158.844	158.845			6
2026.05.21	01:56:27.727	158.846	158.847			6
2026.05.21	01:56:31.332	158.845	158.846			6
2026.05.21	01:56:31.937	158.846	158.847			6
2026.05.21	01:56:34.334	158.844	158.845			6
2026.05.21	01:56:35.237	158.846	158.847			6
2026.05.21	01:56:35.840	158.845	158.846			6
2026.05.21	01:56:49.077	158.844	158.845			6
2026.05.21	01:56:53.890	158.845	158.846			6
2026.05.21	01:57:00.200	158.845				2
2026.05.21	01:57:14.322	158.846	158.847			6
2026.05.21	01:57:16.426	158.845	158.846			6
2026.05.21	01:57:20.336	158.846	158.847			6
2026.05.21	01:57:20.941	158.845	158.846			6
2026.05.21	01:57:30.260	158.846	158.847			6
2026.05.21	01:57:30.861	158.845	158.846			6
2026.05.21	01:57:36.878	158.847	158.848			6
2026.05.21	01:57:39.281	158.845	158.846			6
2026.05.21	01:57:39.882	158.844	158.845			6
2026.05.21	01:57:52.209	158.845	158.846			6
2026.05.21	01:57:57.318	158.844	158.845			6
2026.05.21	01:58:00.025	158.844				2
2026.05.21	01:58:06.339	158.845	158.846			6
2026.05.21	01:58:06.634	158.846	158.847			6
2026.05.21	01:58:11.445	158.845	158.846			6
2026.05.21	01:58:11.747	158.843	158.844			6
2026.05.21	01:58:20.766	158.845	158.846			6
2026.05.21	01:58:43.909	158.844	158.845			6
2026.05.21	01:58:44.509	158.845	158.846			6
2026.05.21	01:58:48.417	158.844	158.845			6
2026.05.21	01:58:48.716	158.845	158.846			6
2026.05.21	01:58:57.128	158.844	158.845			6
2026.05.21	01:59:00.131	158.844				2
2026.05.21	01:59:02.234	158.845	158.846			6
2026.05.21	01:59:02.836	158.846	158.847			6
2026.05.21	01:59:04.940	158.851	158.852			6
2026.05.21	01:59:05.239	158.853	158.854			6
2026.05.21	01:59:05.542	158.854	158.855			6
2026.05.21	01:59:19.085	158.855	158.856			6
2026.05.21	01:59:19.385	158.853	158.854			6
2026.05.21	01:59:27.497	158.854	158.855			6
2026.05.21	01:59:31.705	158.853	158.854			6
2026.05.21	01:59:35.914	158.855	158.856			6
2026.05.21	01:59:38.018	158.854	158.855			6
2026.05.21	01:59:38.918	158.853	158.854			6
2026.05.21	01:59:41.023	158.855	158.856			6
2026.05.21	01:59:47.341	158.853	158.854			6
2026.05.21	01:59:50.051	158.854	158.855			6
2026.05.21	01:59:50.657	158.853	158.854			6
2026.05.21	01:59:52.760	158.855	158.856			6
2026.05.21	02:00:00.276	158.855				2
2026.05.21	02:00:00.578	158.854	158.855			6
2026.05.21	02:00:03.282	158.852	158.853			6
2026.05.21	02:00:04.789	158.854	158.855			6
2026.05.21	02:00:05.090	158.855	158.856			6
2026.05.21	02:00:05.390	158.856	158.857			6
2026.05.21	02:00:05.690	158.855	158.856			6
2026.05.21	02:00:05.990	158.854	158.855			6
2026.05.21	02:00:06.590	158.853	158.854			6
2026.05.21	02:00:08.091	158.855	158.856			6
2026.05.21	02:00:14.095	158.854	158.855			6
2026.05.21	02:00:18.308	158.853	158.854			6
2026.05.21	02:00:33.326	158.854	158.855			6
2026.05.21	02:00:34.526	158.853	158.854			6
2026.05.21	02:00:34.826	158.852	158.853			6
2026.05.21	02:00:53.181	158.851	158.852			6
2026.05.21	02:00:54.682	158.850	158.851			6
2026.05.21	02:00:54.984	158.849	158.850			6
2026.05.21	02:00:55.585	158.851	158.852			6
2026.05.21	02:00:55.884	158.850	158.851			6
2026.05.21	02:00:57.989	158.851	158.852			6
2026.05.21	02:01:00.093	158.851				2
2026.05.21	02:01:01.294	158.852	158.853			6
2026.05.21	02:01:03.396	158.851	158.852			6
2026.05.21	02:01:14.818	158.852	158.853			6
2026.05.21	02:01:17.824	158.853	158.854			6
2026.05.21	02:01:22.633	158.852	158.853			6
2026.05.21	02:01:23.536	158.853	158.854			6
2026.05.21	02:01:31.667	158.852	158.853			6
2026.05.21	02:01:31.970	158.853	158.854			6
2026.05.21	02:01:39.786	158.852	158.853			6
2026.05.21	02:01:43.093	158.853	158.854			6
2026.05.21	02:01:48.199	158.852	158.853			6
2026.05.21	02:01:48.500	158.853	158.854			6
2026.05.21	02:01:51.809	158.852	158.853			6
2026.05.21	02:01:56.920	158.853	158.854			6
2026.05.21	02:02:00.227	158.853				2
2026.05.21	02:02:14.966	158.851	158.852			6
2026.05.21	02:02:24.282	158.852	158.853			6
2026.05.21	02:02:24.582	158.853	158.854			6
2026.05.21	02:02:30.590	158.854	158.855			6
2026.05.21	02:02:32.090	158.853	158.854			6
2026.05.21	02:02:32.992	158.854	158.855			6
2026.05.21	02:02:33.291	158.852	158.853			6
2026.05.21	02:03:00.051	158.852				2
2026.05.21	02:03:13.279	158.853	158.854			6
2026.05.21	02:03:17.182	158.852	158.853			6
2026.05.21	02:03:24.392	158.853	158.854			6
2026.05.21	02:03:29.796	158.852	158.853			6
2026.05.21	02:03:39.717	158.853	158.854			6
2026.05.21	02:03:55.946	158.851	158.852			6
2026.05.21	02:03:57.448	158.852	158.853			6
2026.05.21	02:03:59.554	158.853	158.854			6
2026.05.21	02:03:59.852	158.851	158.852			6
2026.05.21	02:04:00.159	158.851				2
2026.05.21	02:04:01.660	158.853	158.854			6
2026.05.21	02:04:01.955	158.852	158.853			6
2026.05.21	02:04:05.271	158.851	158.852			6
2026.05.21	02:04:08.881	158.852	158.853			6
2026.05.21	02:04:30.513	158.853	158.854			6
2026.05.21	02:04:32.318	158.852	158.853			6
2026.05.21	02:04:46.143	158.853	158.854			6
2026.05.21	02:04:46.444	158.852	158.853			6
2026.05.21	02:04:49.148	158.853	158.854			6
2026.05.21	02:04:52.460	158.852	158.853			6
2026.05.21	02:04:52.754	158.851	158.852			6
2026.05.21	02:05:00.271	158.851				2
2026.05.21	02:05:00.870	158.852	158.853			6
2026.05.21	02:05:05.381	158.853	158.854			6
2026.05.21	02:05:05.681	158.852	158.853			6
2026.05.21	02:05:06.884	158.851	158.852			6
2026.05.21	02:05:08.688	158.850	158.851			6
2026.05.21	02:05:18.900	158.851	158.852			6
2026.05.21	02:05:20.405	158.852	158.853			6
2026.05.21	02:05:20.705	158.851	158.852			6
2026.05.21	02:05:31.223	158.852	158.853			6
2026.05.21	02:05:40.235	158.850	158.851			6
2026.05.21	02:05:40.536	158.851	158.852			6
2026.05.21	02:05:41.439	158.852	158.853			6
2026.05.21	02:05:43.551	158.851	158.852			6
2026.05.21	02:05:43.853	158.852	158.853			6
2026.05.21	02:05:47.155	158.851	158.852			6
2026.05.21	02:05:47.757	158.852	158.853			6
2026.05.21	02:05:57.682	158.851	158.852			6
2026.05.21	02:05:57.984	158.850	158.851			6
2026.05.21	02:06:00.089	158.850				2
2026.05.21	02:06:00.390	158.851	158.852			6
2026.05.21	02:06:02.793	158.845	158.846			6
2026.05.21	02:06:03.093	158.844	158.845			6
2026.05.21	02:06:03.993	158.842	158.843			6
2026.05.21	02:06:05.499	158.843	158.844			6
2026.05.21	02:06:07.602	158.842	158.843			6
2026.05.21	02:06:09.410	158.837	158.838			6
2026.05.21	02:06:09.710	158.836	158.837			6
2026.05.21	02:06:13.914	158.837	158.838			6
2026.05.21	02:06:14.215	158.839	158.840			6
2026.05.21	02:06:16.320	158.838	158.839			6
2026.05.21	02:06:25.035	158.828	158.829			6
2026.05.21	02:06:26.237	158.826	158.830			6
2026.05.21	02:06:27.738	158.827				2
2026.05.21	02:06:28.038	158.826				2
2026.05.21	02:06:29.240		158.831			4
2026.05.21	02:06:34.063	158.827	158.832			6
2026.05.21	02:06:41.886	158.835	158.840			6
2026.05.21	02:06:42.182	158.837	158.841			6
2026.05.21	02:06:43.382	158.835	158.842			6
2026.05.21	02:06:56.301	158.836				2
2026.05.21	02:06:59.008	158.835	158.841			6
2026.05.21	02:07:00.209	158.835				2
2026.05.21	02:07:00.813	158.836	158.842			6
2026.05.21	02:07:02.914		158.841			4
2026.05.21	02:07:04.117	158.835				2
2026.05.21	02:07:08.321	158.834	158.840			6
2026.05.21	02:07:20.052	158.835				2
2026.05.21	02:07:21.867	158.834				2
2026.05.21	02:07:34.194	158.835				2
2026.05.21	02:07:34.494	158.834				2
2026.05.21	02:07:35.395	158.835				2
2026.05.21	02:07:39.007	158.837	158.842			6
2026.05.21	02:07:39.310	158.836	158.841			6
2026.05.21	02:07:49.524	158.832	158.837			6
2026.05.21	02:07:50.724	158.833	158.838			6
2026.05.21	02:07:51.625	158.827	158.830			6
2026.05.21	02:07:51.925	158.826				2
2026.05.21	02:07:52.225		158.831			4
2026.05.21	02:07:52.535	158.825				2
2026.05.21	02:07:53.705	158.826				2
2026.05.21	02:08:00.115	158.826	158.830			6
2026.05.21	02:08:00.415	158.825	158.829			6
2026.05.21	02:08:03.418	158.826	158.830			6
2026.05.21	02:08:12.444		158.831			4
2026.05.21	02:08:17.565	158.825	158.830			6
2026.05.21	02:08:25.093		158.831			4
2026.05.21	02:08:30.170		158.830			4
2026.05.21	02:08:30.773		158.831			4
2026.05.21	02:08:36.870	158.827				2
2026.05.21	02:08:38.373		158.830			4
2026.05.21	02:08:40.181		158.832			4
2026.05.21	02:08:42.477	158.829	158.834			6
2026.05.21	02:08:51.496		158.833			4
2026.05.21	02:09:00.206	158.829				2
2026.05.21	02:09:02.310		158.832			4
2026.05.21	02:09:08.316		158.833			4
2026.05.21	02:09:13.128		158.834			4
2026.05.21	02:09:14.100		158.833			4
2026.05.21	02:09:18.908		158.834			4
2026.05.21	02:09:19.209		158.833			4
2026.05.21	02:09:20.713	158.837	158.838			6
2026.05.21	02:09:21.014	158.839	158.843			6
2026.05.21	02:09:22.217	158.838	158.844			6
2026.05.21	02:09:23.773	158.837				2
2026.05.21	02:09:25.013	158.838				2
2026.05.21	02:09:25.313	158.837				2
2026.05.21	02:09:28.510	158.838				2
2026.05.21	02:09:28.812	158.837	158.843			6
2026.05.21	02:09:29.112		158.844			4
2026.05.21	02:09:29.413	158.838	158.845			6
2026.05.21	02:09:30.013	158.837	158.844			6
2026.05.21	02:09:30.314	158.838	158.845			6
2026.05.21	02:09:30.614	158.837	158.844			6
2026.05.21	02:09:40.248		158.843			4
2026.05.21	02:09:40.549		158.844			4
2026.05.21	02:09:42.051	158.838	158.845			6
2026.05.21	02:09:42.351		158.844			4
2026.05.21	02:09:45.054		158.843			4
2026.05.21	02:09:46.862	158.837				2
2026.05.21	02:09:47.161		158.844			4
2026.05.21	02:09:49.601	158.838				2
2026.05.21	02:09:50.504		158.845			4
2026.05.21	02:09:51.154	158.839				2
2026.05.21	02:09:55.138	158.847	158.852			6
2026.05.21	02:09:55.438		158.853			4
2026.05.21	02:09:56.340		158.854			4
2026.05.21	02:10:00.144	158.847				2
2026.05.21	02:10:00.444		158.855			4
2026.05.21	02:10:01.696	158.848				2
2026.05.21	02:10:02.804		158.854			4
2026.05.21	02:10:04.068	158.847				2
2026.05.21	02:10:15.202	158.846	158.853			6
2026.05.21	02:10:20.832	158.843	158.846			6
2026.05.21	02:10:21.132	158.842				2
2026.05.21	02:10:37.932		158.847			4
2026.05.21	02:10:40.598		158.845			4
2026.05.21	02:10:40.897		158.846			4
2026.05.21	02:10:44.505	158.843				2
2026.05.21	02:10:55.168	158.842				2
2026.05.21	02:10:57.704	158.843				2
2026.05.21	02:11:00.173	158.843	158.847			6
2026.05.21	02:11:37.945	158.850	158.854			6
2026.05.21	02:11:38.245		158.855			4
2026.05.21	02:11:57.501		158.854			4
2026.05.21	02:12:00.208	158.850				2
2026.05.21	02:12:01.109		158.855			4
2026.05.21	02:12:01.709	158.851				2
2026.05.21	02:12:02.009		158.856			4
2026.05.21	02:12:02.610	158.852				2
2026.05.21	02:12:03.210	158.851				2
2026.05.21	02:12:03.511	158.852				2
2026.05.21	02:12:03.811	158.851				2
2026.05.21	02:12:05.234	158.850	158.855			6
2026.05.21	02:12:24.405		158.856			4
2026.05.21	02:12:25.085		158.855			4
2026.05.21	02:12:36.221		158.854			4
2026.05.21	02:12:38.022		158.855			4
2026.05.21	02:12:40.498		158.854			4
2026.05.21	02:12:41.101		158.855			4
2026.05.21	02:12:43.758	158.851				2
2026.05.21	02:12:44.058		158.854			4
2026.05.21	02:12:44.659	158.850	158.855			6
2026.05.21	02:12:50.878	158.851				2
2026.05.21	02:12:51.178	158.850				2
2026.05.21	02:12:52.380	158.851				2
2026.05.21	02:12:53.582	158.850	158.854			6
2026.05.21	02:12:54.182		158.853			4
2026.05.21	02:12:58.691		158.854			4
2026.05.21	02:13:00.192	158.850				2
2026.05.21	02:13:02.595		158.853			4
2026.05.21	02:13:18.222		158.854			4
2026.05.21	02:13:21.235		158.853			4
2026.05.21	02:13:45.292	158.851				2
2026.05.21	02:13:53.103	158.853	158.855			6
2026.05.21	02:13:53.404	158.854	158.856			6
2026.05.21	02:13:57.910	158.853	158.855			6
2026.05.21	02:13:58.510	158.855	158.857			6
2026.05.21	02:14:00.012	158.855				2
2026.05.21	02:14:08.132	158.854	158.856			6
2026.05.21	02:14:12.640	158.853	158.855			6
2026.05.21	02:14:17.451	158.854	158.856			6
2026.05.21	02:14:19.857	158.855	158.857			6
2026.05.21	02:14:20.157		158.856			4
2026.05.21	02:14:29.485	158.854	158.855			6
2026.05.21	02:14:30.988	158.853	158.854			6
2026.05.21	02:14:34.892	158.852	158.853			6
2026.05.21	02:14:35.493	158.853	158.854			6
2026.05.21	02:14:43.314	158.852	158.853			6
2026.05.21	02:14:53.531	158.853	158.854			6
2026.05.21	02:14:55.335	158.852	158.853			6
2026.05.21	02:15:00.141	158.852				2
2026.05.21	02:15:26.001	158.851	158.852			6
2026.05.21	02:15:28.106	158.849	158.850			6
2026.05.21	02:15:33.216	158.850	158.851			6
2026.05.21	02:15:34.117	158.851	158.852			6
2026.05.21	02:15:38.321	158.852	158.853			6
2026.05.21	02:15:38.622	158.851	158.852			6
2026.05.21	02:15:54.262	158.850	158.851			6
2026.05.21	02:16:00.285	158.850				2
2026.05.21	02:16:02.691	158.851	158.852			6
2026.05.21	02:16:02.991	158.852	158.853			6
2026.05.21	02:16:04.494	158.853	158.854			6
2026.05.21	02:16:09.007	158.852	158.853			6
2026.05.21	02:16:09.607	158.853	158.854			6
2026.05.21	02:16:30.658	158.852	158.853			6
2026.05.21	02:16:31.862	158.848	158.849			6
2026.05.21	02:16:32.166	158.859	158.860			6
2026.05.21	02:16:32.463	158.862	158.863			6
2026.05.21	02:16:33.063	158.864	158.865			6
2026.05.21	02:16:33.363	158.862				2
2026.05.21	02:16:33.964	158.861	158.864			6
2026.05.21	02:16:34.265		158.865			4
2026.05.21	02:16:34.867	158.862				2
2026.05.21	02:16:35.166	158.861	158.864			6
2026.05.21	02:16:37.571	158.862	158.865			6
2026.05.21	02:16:37.872	158.861	158.864			6
2026.05.21	02:16:38.473	158.862	158.865			6
2026.05.21	02:16:40.877	158.863	158.866			6
2026.05.21	02:16:42.982	158.865	158.867			6
2026.05.21	02:16:46.889	158.864				2
2026.05.21	02:16:48.091	158.863	158.866			6
2026.05.21	02:16:48.992	158.864	158.867			6
2026.05.21	02:16:49.293	158.862	158.865			6
2026.05.21	02:16:49.594	158.861	158.864			6
2026.05.21	02:16:51.704	158.862	158.865			6
2026.05.21	02:16:53.207	158.855	158.856			6
2026.05.21	02:16:53.508	158.854				2
2026.05.21	02:16:54.108	158.853				2
2026.05.21	02:17:00.405	158.853				2
2026.05.21	02:17:02.107		158.854			4
2026.05.21	02:17:02.408		158.856			4
2026.05.21	02:17:02.709		158.854			4
2026.05.21	02:17:04.512		158.855			4
2026.05.21	02:17:04.812		158.854			4
2026.05.21	02:17:05.112		158.855			4
2026.05.21	02:17:05.413		158.854			4
2026.05.21	02:17:05.713		158.855			4
2026.05.21	02:17:10.518	158.852				2
2026.05.21	02:17:13.267	158.853				2
2026.05.21	02:17:17.472		158.857			4
2026.05.21	02:17:18.374		158.855			4
2026.05.21	02:17:19.876	158.851	158.854			6
2026.05.21	02:17:20.176	158.852				2
2026.05.21	02:17:35.807	158.851				2
2026.05.21	02:17:38.783	158.852				2
2026.05.21	02:17:43.892		158.856			4
2026.05.21	02:17:44.492		158.854			4
2026.05.21	02:17:44.793	158.851				2
2026.05.21	02:17:45.476	158.852				2
2026.05.21	02:17:49.985	158.851				2
2026.05.21	02:17:52.619		158.855			4
2026.05.21	02:17:52.919	158.853				2
2026.05.21	02:17:53.520	158.852				2
2026.05.21	02:17:53.820	158.851				2
2026.05.21	02:18:00.135	158.851				2
2026.05.21	02:18:00.733	158.852				2
2026.05.21	02:18:10.353	158.853				2
2026.05.21	02:18:11.558		158.856			4
2026.05.21	02:18:16.076	158.854	158.857			6
2026.05.21	02:18:17.878	158.861	158.864			6
2026.05.21	02:18:18.182		158.867			4
2026.05.21	02:18:18.777	158.862				2
2026.05.21	02:18:19.083	158.864	158.869			6
2026.05.21	02:18:22.908		158.870			4
2026.05.21	02:18:25.078	158.865				2
2026.05.21	02:18:26.107	158.864				2
2026.05.21	02:18:26.857	158.865				2
2026.05.21	02:18:27.158	158.864				2
2026.05.21	02:18:32.321	158.865				2
2026.05.21	02:18:32.914	158.866	158.871			6
2026.05.21	02:18:33.218	158.867				2
2026.05.21	02:18:34.413	158.865				2
2026.05.21	02:18:39.821	158.864	158.870			6
2026.05.21	02:18:41.319	158.865				2
2026.05.21	02:18:44.325	158.864	158.869			6
2026.05.21	02:18:44.627	158.865	158.870			6
2026.05.21	02:18:55.156	158.864	158.869			6
2026.05.21	02:19:00.268	158.864				2
2026.05.21	02:19:06.293		158.868			4
2026.05.21	02:19:18.310	158.865	158.869			6
2026.05.21	02:19:20.414	158.864	158.868			6
2026.05.21	02:19:21.317	158.863	158.867			6
2026.05.21	02:19:25.527	158.864	158.868			6
2026.05.21	02:19:31.234	158.865				2
2026.05.21	02:19:34.539	158.864	158.867			6
2026.05.21	02:19:52.275	158.865				2
2026.05.21	02:20:00.093	158.865				2
2026.05.21	02:20:03.394	158.864	158.866			6
2026.05.21	02:20:07.605	158.865	158.867			6
2026.05.21	02:20:08.509	158.864	158.866			6
2026.05.21	02:20:11.210	158.865				2
2026.05.21	02:20:24.135	158.873	158.874			6
2026.05.21	02:20:24.434	158.876	158.877			6
2026.05.21	02:20:25.338	158.874	158.878			6
2026.05.21	02:20:25.638		158.879			4
2026.05.21	02:20:29.551	158.875	158.880			6
2026.05.21	02:20:29.858	158.874	158.879			6
2026.05.21	02:20:35.876		158.878			4
2026.05.21	02:20:37.380		158.879			4
2026.05.21	02:20:46.097		158.878			4
2026.05.21	02:21:00.222	158.874				2
2026.05.21	02:21:01.726	158.867	158.870			6
2026.05.21	02:21:02.027	158.865	158.868			6
2026.05.21	02:21:02.328	158.863	158.867			6
2026.05.21	02:21:03.224	158.861	158.868			6
2026.05.21	02:21:06.097	158.862				2
2026.05.21	02:21:12.708		158.867			4
2026.05.21	02:21:27.212		158.868			4
2026.05.21	02:21:28.385	158.864				2
2026.05.21	02:21:33.494	158.865				2
2026.05.21	02:21:33.795	158.864				2
2026.05.21	02:21:56.360	158.865				2
2026.05.21	02:22:00.270	158.865				2
2026.05.21	02:22:03.875	158.864				2
2026.05.21	02:22:04.176	158.872	158.877			6
2026.05.21	02:22:05.379	158.871				2
2026.05.21	02:22:05.980	158.873				2
2026.05.21	02:22:07.185	158.875	158.879			6
2026.05.21	02:22:10.112	158.876				2
2026.05.21	02:22:14.024	158.875				2
2026.05.21	02:22:16.469	158.876				2
2026.05.21	02:22:16.769		158.881			4
2026.05.21	02:22:28.386		158.882			4
2026.05.21	02:22:32.102		158.881			4
2026.05.21	02:22:32.706	158.875				2
2026.05.21	02:22:45.629	158.876	158.882			6
2026.05.21	02:22:49.839	158.875	158.881			6
2026.05.21	02:22:56.156	158.876				2
2026.05.21	02:23:00.066	158.876				2
2026.05.21	02:23:01.268	158.878	158.883			6
2026.05.21	02:23:02.471	158.879	158.884			6
2026.05.21	02:23:03.071	158.878	158.883			6
2026.05.21	02:23:03.371	158.877	158.882			6
2026.05.21	02:23:03.673	158.879	158.884			6
2026.05.21	02:23:03.973	158.877	158.882			6
2026.05.21	02:23:12.997	158.878	158.883			6
2026.05.21	02:23:13.296	158.877	158.882			6
2026.05.21	02:23:13.898	158.878	158.883			6
2026.05.21	02:23:22.314	158.879				2
2026.05.21	02:23:22.615	158.878	158.882			6
2026.05.21	02:23:42.165	158.879				2
2026.05.21	02:23:46.673	158.878	158.881			6
2026.05.21	02:24:00.205	158.878	158.880			6
2026.05.21	02:24:00.506	158.879	158.881			6
2026.05.21	02:24:01.106	158.878	158.880			6
2026.05.21	02:24:11.919	158.877	158.879			6
2026.05.21	02:24:13.422	158.876	158.878			6
2026.05.21	02:24:17.336	158.877				2
2026.05.21	02:24:24.552	158.879	158.880			6
2026.05.21	02:24:24.851	158.887	158.888			6
2026.05.21	02:24:25.152	158.885	158.891			6
2026.05.21	02:24:26.055	158.887				2
2026.05.21	02:24:26.354		158.892			4
2026.05.21	02:24:29.058	158.888				2
2026.05.21	02:24:29.959		158.891			4
2026.05.21	02:24:30.561		158.892			4
2026.05.21	02:24:30.862	158.887	158.893			6
2026.05.21	02:24:33.346		158.891			4
2026.05.21	02:24:35.752		158.892			4
2026.05.21	02:24:36.054		158.891			4
2026.05.21	02:24:36.956	158.888				2
2026.05.21	02:24:37.258	158.890	158.896			6
2026.05.21	02:24:38.160		158.897			4
2026.05.21	02:24:41.470	158.888	158.895			6
2026.05.21	02:24:41.770		158.894			4
2026.05.21	02:24:43.273		158.893			4
2026.05.21	02:24:43.572	158.887	158.891			6
2026.05.21	02:24:45.083		158.892			4
2026.05.21	02:24:50.194		158.891			4
2026.05.21	02:24:50.496		158.892			4
2026.05.21	02:24:52.006	158.886	158.890			6
2026.05.21	02:24:54.408		158.892			4
2026.05.21	02:24:55.042		158.891			4
2026.05.21	02:24:55.342	158.887				2
2026.05.21	02:24:55.943	158.886	158.890			6
2026.05.21	02:24:56.846		158.891			4
2026.05.21	02:24:57.450		158.890			4
2026.05.21	02:24:57.751		158.891			4
2026.05.21	02:24:58.960	158.887				2
2026.05.21	02:25:00.163	158.887				2
2026.05.21	02:25:00.465		158.892			4
2026.05.21	02:25:05.351		158.891			4
2026.05.21	02:25:54.055	158.888	158.892			6
2026.05.21	02:25:59.474	158.887	158.891			6
2026.05.21	02:26:00.075	158.887				2
2026.05.21	02:26:00.375	158.888	158.892			6
2026.05.21	02:26:00.675		158.891			4
2026.05.21	02:26:09.091		158.890			4
2026.05.21	02:26:20.210		158.891			4
2026.05.21	02:26:20.510	158.897	158.899			6
2026.05.21	02:26:20.809		158.900			4
2026.05.21	02:26:21.111		158.902			4
2026.05.21	02:26:21.412	158.896				2
2026.05.21	02:26:22.219		158.901			4
2026.05.21	02:26:23.720	158.891	158.895			6
2026.05.21	02:26:32.207		158.896			4
2026.05.21	02:26:34.911	158.892	158.897			6
2026.05.21	02:26:41.507	158.891				2
2026.05.21	02:26:44.401	158.893				2
2026.05.21	02:26:45.003		158.898			4
2026.05.21	02:26:45.906		158.899			4
2026.05.21	02:26:46.206		158.898			4
2026.05.21	02:26:48.312		158.899			4
2026.05.21	02:26:49.909	158.892	158.897			6
2026.05.21	02:26:51.712	158.891				2
2026.05.21	02:26:59.528		158.895			4
2026.05.21	02:26:59.829		158.897			4
2026.05.21	02:27:00.129	158.892	158.898			6
2026.05.21	02:27:00.431	158.893	158.897			6
2026.05.21	02:27:02.234	158.892	158.898			6
2026.05.21	02:27:02.920	158.893				2
2026.05.21	02:27:04.070	158.891	158.896			6
2026.05.21	02:27:05.273		158.897			4
2026.05.21	02:27:08.582	158.890	158.896			6
2026.05.21	02:27:19.407	158.891				2
2026.05.21	02:27:19.707		158.897			4
2026.05.21	02:27:20.084	158.892				2
2026.05.21	02:27:28.799	158.891	158.896			6
2026.05.21	02:27:29.101	158.890	158.895			6
2026.05.21	02:27:34.513	158.892	158.897			6
2026.05.21	02:27:38.421	158.891	158.896			6
2026.05.21	02:27:42.334		158.895			4
2026.05.21	02:27:43.237	158.892	158.896			6
2026.05.21	02:27:59.175		158.895			4
2026.05.21	02:28:00.078	158.891	158.894			6
2026.05.21	02:28:10.600	158.893	158.896			6
2026.05.21	02:28:15.108		158.895			4
2026.05.21	02:28:15.409	158.892	158.894			6
2026.05.21	02:28:17.813	158.893	158.895			6
2026.05.21	02:28:32.241	158.892	158.894			6
2026.05.21	02:28:34.350		158.893			4
2026.05.21	02:28:40.671	158.893	158.894			6
2026.05.21	02:28:51.491	158.894	158.895			6
2026.05.21	02:28:53.293	158.893	158.894			6
2026.05.21	02:28:59.006	158.894	158.895			6
2026.05.21	02:28:59.607	158.893	158.894			6
2026.05.21	02:29:00.207	158.893				2
2026.05.21	02:29:02.308	158.894	158.895			6
2026.05.21	02:29:02.908	158.892	158.893			6
2026.05.21	02:29:05.011	158.891	158.892			6
2026.05.21	02:29:06.215	158.892	158.893			6
2026.05.21	02:29:10.424	158.891	158.892			6
2026.05.21	02:29:12.532	158.889	158.890			6
2026.05.21	02:29:14.335	158.893	158.894			6
2026.05.21	02:29:14.635	158.899	158.900			6
2026.05.21	02:29:15.238	158.898	158.902			6
2026.05.21	02:29:15.840		158.901			4
2026.05.21	02:29:16.747		158.900			4
2026.05.21	02:29:18.254		158.902			4
2026.05.21	02:29:19.007	158.899				2
2026.05.21	02:29:19.609	158.898				2
2026.05.21	02:29:22.013	158.899				2
2026.05.21	02:29:22.913	158.898				2
2026.05.21	02:29:23.214	158.899				2
2026.05.21	02:29:23.513	158.898				2
2026.05.21	02:29:23.813	158.899				2
2026.05.21	02:29:24.114	158.898				2
2026.05.21	02:29:26.214		158.901			4
2026.05.21	02:29:31.318	158.894	158.898			6
2026.05.21	02:29:31.619	158.893	158.897			6
2026.05.21	02:29:32.219	158.891	158.896			6
2026.05.21	02:29:32.519		158.895			4
2026.05.21	02:29:32.819		158.896			4
2026.05.21	02:29:33.720	158.892	158.897			6
2026.05.21	02:29:38.531	158.890	158.895			6
2026.05.21	02:29:42.136	158.891	158.896			6
2026.05.21	02:29:42.437	158.890	158.894			6
2026.05.21	02:29:45.139		158.895			4
2026.05.21	02:29:46.042		158.893			4
2026.05.21	02:30:00.186	158.890				2
2026.05.21	02:30:00.486		158.894			4
2026.05.21	02:30:02.289	158.891				2
2026.05.21	02:30:08.293	158.895	158.897			6
2026.05.21	02:30:08.594		158.898			4
2026.05.21	02:30:09.195		158.899			4
2026.05.21	02:30:09.796	158.896				2
2026.05.21	02:30:10.698	158.898	158.901			6
2026.05.21	02:30:10.998		158.902			4
2026.05.21	02:30:11.899	158.899	158.903			6
2026.05.21	02:30:14.304	158.898	158.902			6
2026.05.21	02:30:18.815	158.899	158.903			6
2026.05.21	02:30:21.717	158.900	158.904			6
2026.05.21	02:30:22.318	158.899	158.902			6
2026.05.21	02:30:24.122		158.903			4
2026.05.21	02:30:29.229	158.900				2
2026.05.21	02:30:29.529		158.902			4
2026.05.21	02:30:40.061		158.903			4
2026.05.21	02:30:42.170	158.901	158.904			6
2026.05.21	02:30:43.370		158.903			4
2026.05.21	02:30:50.290	158.900	158.902			6
2026.05.21	02:30:57.201	158.901				2
2026.05.21	02:31:00.207	158.901				2
2026.05.21	02:31:00.808	158.900	158.901			6
2026.05.21	02:31:10.719	158.901	158.902			6
2026.05.21	02:31:11.019	158.900	158.901			6
2026.05.21	02:31:16.426	158.899	158.900			6
2026.05.21	02:31:21.540	158.913	158.914			6
2026.05.21	02:31:21.839	158.912	158.913			6
2026.05.21	02:31:22.139	158.910	158.916			6
2026.05.21	02:31:22.440	158.911				2
2026.05.21	02:31:24.102		158.917			4
2026.05.21	02:31:26.524		158.914			4
2026.05.21	02:31:26.830		158.916			4
2026.05.21	02:31:28.386		158.915			4
2026.05.21	02:31:29.054		158.917			4
2026.05.21	02:31:29.656	158.901	158.905			6
2026.05.21	02:31:30.562	158.900				2
2026.05.21	02:31:34.621	158.901	158.906			6
2026.05.21	02:31:37.165	158.902				2
2026.05.21	02:31:37.468		158.907			4
2026.05.21	02:31:37.767	158.903				2
2026.05.21	02:31:42.553	158.904	158.911			6
2026.05.21	02:31:44.717	158.906				2
2026.05.21	02:31:45.346	158.905				2
2026.05.21	02:31:47.750		158.910			4
2026.05.21	02:31:48.051	158.903	158.907			6
2026.05.21	02:31:49.585	158.904				2
2026.05.21	02:31:49.886		158.909			4
2026.05.21	02:31:50.346	158.903				2
2026.05.21	02:31:59.736	158.904				2
2026.05.21	02:32:00.102	158.904				2
2026.05.21	02:32:00.403	158.901	158.904			6
2026.05.21	02:32:00.703		158.906			4
2026.05.21	02:32:01.303	158.902	158.905			6
2026.05.21	02:32:01.603	158.903	158.909			6
2026.05.21	02:32:01.903	158.905				2
2026.05.21	02:32:02.203	158.903				2
2026.05.21	02:32:02.503	158.905				2
2026.05.21	02:32:11.218	158.904				2
2026.05.21	02:32:11.517	158.902	158.907			6
2026.05.21	02:32:12.419		158.906			4
2026.05.21	02:32:13.442		158.907			4
2026.05.21	02:32:14.042	158.903				2
2026.05.21	02:32:14.648	158.904				2
2026.05.21	02:32:15.153		158.906			4
2026.05.21	02:32:18.533		158.907			4
2026.05.21	02:32:21.684		158.909			4
2026.05.21	02:32:21.987		158.908			4
2026.05.21	02:32:22.288		158.909			4
2026.05.21	02:32:22.708	158.903				2
2026.05.21	02:32:23.008	158.904				2
2026.05.21	02:32:24.413	158.903	158.907			6
2026.05.21	02:32:25.719	158.904	158.908			6
2026.05.21	02:32:26.668	158.905				2
2026.05.21	02:32:26.969	158.904				2
2026.05.21	02:32:27.640	158.900	158.904			6
2026.05.21	02:32:27.941	158.901				2
2026.05.21	02:32:28.844	158.902				2
2026.05.21	02:32:30.962	158.901				2
2026.05.21	02:32:33.696	158.899	158.905			6
2026.05.21	02:32:35.116	158.902				2
2026.05.21	02:32:36.617	158.899				2
2026.05.21	02:32:36.918	158.902				2
2026.05.21	02:32:37.219	158.899				2
2026.05.21	02:32:44.366	158.900				2
2026.05.21	02:32:44.969	158.899				2
2026.05.21	02:32:45.270	158.900				2
2026.05.21	02:32:45.873	158.899				2
2026.05.21	02:32:46.602	158.900				2
2026.05.21	02:32:49.826	158.901				2
2026.05.21	02:32:56.588	158.900				2
2026.05.21	02:33:00.218	158.900				2
2026.05.21	02:33:25.155	158.901	158.906			6
2026.05.21	02:33:25.456	158.902	158.905			6
2026.05.21	02:33:25.755	158.901				2
2026.05.21	02:33:28.785	158.902				2
2026.05.21	02:33:30.738	158.901				2
2026.05.21	02:33:35.739	158.899				2
2026.05.21	02:33:36.768	158.900				2
2026.05.21	02:33:39.082		158.904			4
2026.05.21	02:33:40.587		158.905			4
2026.05.21	02:33:42.448	158.901				2
2026.05.21	02:33:43.351	158.900				2
2026.05.21	02:33:44.100	158.901				2
2026.05.21	02:33:56.062	158.902	158.908			6
2026.05.21	02:33:56.364		158.907			4
2026.05.21	02:33:56.665	158.901	158.906			6
2026.05.21	02:33:58.943	158.900				2
2026.05.21	02:34:02.108	158.900				2
2026.05.21	02:34:04.088		158.905			4
2026.05.21	02:34:04.988	158.901				2
2026.05.21	02:34:06.490		158.906			4
2026.05.21	02:34:07.565	158.904	158.909			6
2026.05.21	02:34:09.635	158.902	158.905			6
2026.05.21	02:34:09.937	158.900				2
2026.05.21	02:34:10.236	158.901				2
2026.05.21	02:34:11.258	158.900				2
2026.05.21	02:34:14.232	158.901	158.906			6
2026.05.21	02:34:14.531	158.900				2
2026.05.21	02:34:16.576	158.901				2
2026.05.21	02:34:16.877	158.900				2
2026.05.21	02:34:17.476	158.901				2
2026.05.21	02:34:22.122	158.902				2
2026.05.21	02:34:22.423	158.901				2
2026.05.21	02:34:23.344		158.905			4
2026.05.21	02:34:27.550		158.906			4
2026.05.21	02:34:27.853		158.905			4
2026.05.21	02:34:28.757		158.906			4
2026.05.21	02:34:38.689		158.905			4
2026.05.21	02:34:40.790	158.902	158.906			6
2026.05.21	02:34:41.692	158.901	158.905			6
2026.05.21	02:34:43.793	158.902	158.906			6
2026.05.21	02:34:44.993	158.901	158.905			6
2026.05.21	02:34:46.794	158.903	158.907			6
2026.05.21	02:34:47.097	158.904				2
2026.05.21	02:35:00.017	158.904				2
2026.05.21	02:35:03.322	158.905				2
2026.05.21	02:35:06.027	158.903	158.906			6
2026.05.21	02:35:06.328	158.904	158.907			6
2026.05.21	02:35:15.356	158.905				2
2026.05.21	02:35:16.257	158.904				2
2026.05.21	02:35:19.267		158.906			4
2026.05.21	02:35:21.973	158.905	158.907			6
2026.05.21	02:35:27.388	158.904	158.906			6
2026.05.21	02:35:28.588	158.906	158.907			6
2026.05.21	02:35:38.199	158.905				2
2026.05.21	02:35:39.404	158.907	158.909			6
2026.05.21	02:35:39.706	158.909	158.910			6
2026.05.21	02:35:44.212	158.910	158.911			6
2026.05.21	02:35:47.517	158.908	158.909			6
2026.05.21	02:35:47.817	158.909	158.910			6
2026.05.21	02:35:48.418	158.908	158.909			6
2026.05.21	02:35:49.019	158.907	158.908			6
2026.05.21	02:35:50.822	158.905	158.906			6
2026.05.21	02:35:52.024	158.904	158.905			6
2026.05.21	02:35:52.323	158.903				2
2026.05.21	02:35:56.230	158.904				2
2026.05.21	02:36:00.137	158.904				2
2026.05.21	02:36:03.751	158.905	158.906			6
2026.05.21	02:36:08.263	158.904	158.905			6
2026.05.21	02:36:08.563	158.905	158.906			6
2026.05.21	02:36:09.765	158.907	158.908			6
2026.05.21	02:36:10.367	158.908	158.909			6
2026.05.21	02:36:41.622	158.907	158.908			6
2026.05.21	02:36:44.936	158.903	158.904			6
2026.05.21	02:36:55.764	158.904	158.905			6
2026.05.21	02:37:00.274	158.904				2
2026.05.21	02:37:14.106	158.903	158.904			6
2026.05.21	02:37:18.013	158.904	158.905			6
2026.05.21	02:37:22.818	158.903	158.904			6
2026.05.21	02:37:23.422	158.904	158.905			6
2026.05.21	02:37:34.547	158.903	158.904			6
2026.05.21	02:37:34.850	158.904	158.905			6
2026.05.21	02:37:35.151	158.903	158.904			6
2026.05.21	02:37:44.172	158.902	158.903			6
2026.05.21	02:37:45.675	158.903	158.904			6
2026.05.21	02:37:46.877	158.902	158.903			6
2026.05.21	02:37:53.489	158.903	158.904			6
2026.05.21	02:37:58.894	158.904	158.905			6
2026.05.21	02:38:00.095	158.904				2
2026.05.21	02:38:13.313	158.903	158.904			6
2026.05.21	02:38:26.843	158.904	158.905			6
2026.05.21	02:38:27.749	158.903	158.904			6
2026.05.21	02:38:30.761	158.904	158.905			6
2026.05.21	02:38:31.061	158.903	158.904			6
2026.05.21	02:38:33.168	158.904	158.905			6
2026.05.21	02:38:38.883	158.905	158.906			6
2026.05.21	02:38:46.089	158.904	158.905			6
2026.05.21	02:38:55.707	158.905	158.906			6
2026.05.21	02:38:57.808	158.904	158.905			6
2026.05.21	02:39:00.212	158.904				2
2026.05.21	02:39:01.114	158.905	158.906			6
2026.05.21	02:39:08.926	158.904	158.905			6
2026.05.21	02:39:19.164	158.905	158.906			6
2026.05.21	02:39:23.074	158.906	158.907			6
2026.05.21	02:39:25.183	158.905	158.906			6
2026.05.21	02:39:26.086	158.907	158.908			6
2026.05.21	02:39:26.386	158.906	158.907			6
2026.05.21	02:39:28.788	158.905	158.906			6
2026.05.21	02:39:44.111	158.906	158.907			6
2026.05.21	02:39:44.412	158.905	158.906			6
2026.05.21	02:39:51.320	158.904	158.905			6
2026.05.21	02:40:00.036	158.905	158.906			6
2026.05.21	02:40:00.936	158.915	158.916			6
2026.05.21	02:40:01.238	158.916	158.917			6
2026.05.21	02:40:14.474	158.915	158.916			6
2026.05.21	02:40:39.441	158.914	158.915			6
2026.05.21	02:40:40.042	158.913	158.914			6
2026.05.21	02:40:43.354	158.914	158.915			6
2026.05.21	02:40:44.857	158.915	158.916			6
2026.05.21	02:40:56.893	158.914	158.915			6
2026.05.21	02:41:00.194	158.914				2
2026.05.21	02:41:12.514	158.915	158.916			6
2026.05.21	02:41:13.416	158.914	158.915			6
2026.05.21	02:41:13.717	158.915	158.916			6
2026.05.21	02:41:16.120	158.914	158.915			6
2026.05.21	02:41:17.323	158.915	158.916			6
2026.05.21	02:41:18.524	158.914	158.915			6
2026.05.21	02:41:18.824	158.915	158.916			6
2026.05.21	02:41:20.933	158.914	158.915			6
2026.05.21	02:41:21.234	158.915	158.916			6
2026.05.21	02:41:25.449	158.914	158.915			6
2026.05.21	02:41:25.750	158.915	158.916			6
2026.05.21	02:41:26.952	158.914	158.915			6
2026.05.21	02:41:27.255	158.915	158.916			6
2026.05.21	02:41:44.397	158.914	158.915			6
2026.05.21	02:41:54.615	158.913	158.914			6
2026.05.21	02:41:55.214	158.912	158.913			6
2026.05.21	02:41:56.717	158.914	158.915			6
2026.05.21	02:42:00.022	158.914				2
2026.05.21	02:42:12.050	158.915	158.916			6
2026.05.21	02:42:14.459	158.917	158.918			6
2026.05.21	02:42:14.760	158.916	158.917			6
2026.05.21	02:42:17.465	158.919	158.920			6
2026.05.21	02:42:18.370	158.920	158.921			6
2026.05.21	02:42:22.575	158.918	158.919			6
2026.05.21	02:42:22.874	158.917	158.918			6
2026.05.21	02:42:24.080	158.918	158.919			6
2026.05.21	02:42:24.684	158.917	158.918			6
2026.05.21	02:42:28.595	158.918	158.919			6
2026.05.21	02:42:28.893	158.919	158.920			6
2026.05.21	02:42:29.192	158.920	158.921			6
2026.05.21	02:42:29.796	158.919	158.920			6
2026.05.21	02:42:32.201	158.920	158.921			6
2026.05.21	02:42:35.202	158.919	158.920			6
2026.05.21	02:42:41.209	158.920	158.921			6
2026.05.21	02:42:53.535	158.922	158.923			6
2026.05.21	02:42:53.836	158.925	158.926			6
2026.05.21	02:42:54.436	158.921	158.922			6
2026.05.21	02:42:54.736	158.920	158.921			6
2026.05.21	02:42:56.550	158.921	158.922			6
2026.05.21	02:43:00.165	158.921				2
2026.05.21	02:43:12.787	158.920	158.921			6
2026.05.21	02:43:13.389	158.921	158.922			6
2026.05.21	02:43:17.594	158.920	158.921			6
2026.05.21	02:43:19.997	158.921	158.922			6
2026.05.21	02:43:33.516	158.919	158.920			6
2026.05.21	02:43:38.322	158.917	158.918			6
2026.05.21	02:44:00.271	158.917				2
2026.05.21	02:44:05.988	158.918	158.919			6
2026.05.21	02:44:30.324	158.923	158.924			6
2026.05.21	02:44:30.625	158.925	158.926			6
2026.05.21	02:44:35.754	158.924	158.925			6
2026.05.21	02:44:36.657	158.922	158.923			6
2026.05.21	02:44:37.559	158.920	158.921			6
2026.05.21	02:44:39.366	158.921	158.922			6
2026.05.21	02:44:46.887	158.920	158.921			6
2026.05.21	02:44:47.188	158.921	158.922			6
2026.05.21	02:44:50.792	158.920	158.921			6
2026.05.21	02:44:55.905	158.919	158.920			6
2026.05.21	02:45:00.112	158.919				2
2026.05.21	02:45:11.226	158.918	158.919			6
2026.05.21	02:45:11.526	158.917	158.918			6
2026.05.21	02:45:13.628	158.916	158.917			6
2026.05.21	02:45:13.929	158.917	158.918			6
2026.05.21	02:45:20.542	158.918	158.919			6
2026.05.21	02:45:24.751	158.913	158.914			6
2026.05.21	02:45:25.957	158.912	158.913			6
2026.05.21	02:45:26.557	158.913	158.914			6
2026.05.21	02:45:28.971	158.910	158.911			6
2026.05.21	02:45:29.271	158.909	158.910			6
2026.05.21	02:45:30.172	158.906	158.907			6
2026.05.21	02:45:41.890	158.907	158.908			6
2026.05.21	02:45:42.490	158.908	158.909			6
2026.05.21	02:45:43.691	158.907	158.908			6
2026.05.21	02:45:44.891	158.906	158.907			6
2026.05.21	02:45:46.092	158.902	158.903			6
2026.05.21	02:45:49.698	158.903	158.904			6
2026.05.21	02:45:50.300	158.902	158.903			6
2026.05.21	02:45:50.604	158.901	158.902			6
2026.05.21	02:45:50.906	158.902	158.903			6
2026.05.21	02:45:52.107	158.903	158.904			6
2026.05.21	02:45:53.007	158.902	158.903			6
2026.05.21	02:45:54.510	158.904	158.905			6
2026.05.21	02:45:55.412	158.903	158.904			6
2026.05.21	02:45:56.013	158.902	158.903			6
2026.05.21	02:45:57.215	158.900	158.901			6
2026.05.21	02:45:57.815	158.899	158.900			6
2026.05.21	02:45:59.318	158.900	158.901			6
2026.05.21	02:46:00.220	158.899	158.900			6
2026.05.21	02:46:00.520	158.900	158.901			6
2026.05.21	02:46:02.022	158.898	158.899			6
2026.05.21	02:46:02.322	158.899	158.900			6
2026.05.21	02:46:02.623	158.896	158.897			6
2026.05.21	02:46:02.922	158.892	158.893			6
2026.05.21	02:46:03.223	158.896	158.898			6
2026.05.21	02:46:03.523	158.897	158.899			6
2026.05.21	02:46:04.124	158.896	158.900			6
2026.05.21	02:46:04.425	158.897				2
2026.05.21	02:46:05.627		158.901			4
2026.05.21	02:46:05.927	158.892	158.896			6
2026.05.21	02:46:06.227	158.891	158.894			6
2026.05.21	02:46:06.528	158.892				2
2026.05.21	02:46:06.828		158.895			4
2026.05.21	02:46:07.130	158.895	158.898			6
2026.05.21	02:46:07.432	158.892	158.896			6
2026.05.21	02:46:07.732		158.895			4
2026.05.21	02:46:08.033		158.894			4
2026.05.21	02:46:08.334	158.891	158.895			6
2026.05.21	02:46:15.006		158.896			4
2026.05.21	02:46:17.712	158.896	158.901			6
2026.05.21	02:46:18.313		158.902			4
2026.05.21	02:46:21.290		158.903			4
2026.05.21	02:46:21.591	158.897				2
2026.05.21	02:46:21.891		158.901			4
2026.05.21	02:46:22.191	158.893	158.898			6
2026.05.21	02:46:22.491	158.897	158.901			6
2026.05.21	02:46:22.792	158.898	158.902			6
2026.05.21	02:46:23.393	158.896	158.901			6
2026.05.21	02:46:25.794	158.898	158.902			6
2026.05.21	02:46:36.523	158.899				2
2026.05.21	02:46:36.824	158.898				2
2026.05.21	02:46:38.327	158.899				2
2026.05.21	02:46:38.628	158.898				2
2026.05.21	02:46:41.940	158.897	158.900			6
2026.05.21	02:46:42.240		158.901			4
2026.05.21	02:46:42.544	158.891	158.896			6
2026.05.21	02:46:42.841	158.890	158.894			6
2026.05.21	02:46:43.141		158.896			4
2026.05.21	02:46:45.961		158.895			4
2026.05.21	02:46:48.367	158.891				2
2026.05.21	02:46:48.669		158.896			4
2026.05.21	02:46:50.305	158.890	158.895			6
2026.05.21	02:46:52.322		158.894			4
2026.05.21	02:46:52.622	158.889				2
2026.05.21	02:46:53.493	158.890				2
2026.05.21	02:46:53.793	158.889				2
2026.05.21	02:46:56.427	158.888	158.893			6
2026.05.21	02:46:57.114	158.887				2
2026.05.21	02:46:58.314	158.888				2
2026.05.21	02:46:58.886	158.887				2
2026.05.21	02:47:00.996	158.888				2
2026.05.21	02:47:01.416	158.887				2
2026.05.21	02:47:15.228		158.891			4
2026.05.21	02:47:34.067		158.889			4
2026.05.21	02:47:34.367		158.891			4
2026.05.21	02:47:38.277		158.890			4
2026.05.21	02:47:47.592	158.886				2
2026.05.21	02:47:49.094	158.875	158.879			6
2026.05.21	02:47:49.394	158.872	158.876			6
2026.05.21	02:47:50.294		158.879			4
2026.05.21	02:47:54.048	158.874	158.878			6
2026.05.21	02:47:54.351		158.879			4
2026.05.21	02:48:00.108	158.874				2
2026.05.21	02:48:03.115		158.880			4
2026.05.21	02:48:08.062		158.879			4
2026.05.21	02:48:08.362		158.880			4
2026.05.21	02:48:08.963		158.879			4
2026.05.21	02:48:15.372	158.862	158.868			6
2026.05.21	02:48:15.672	158.864				2
2026.05.21	02:48:18.823	158.862	158.867			6
2026.05.21	02:48:19.122	158.858	158.864			6
2026.05.21	02:48:19.423	158.862	158.867			6
2026.05.21	02:48:22.655	158.863				2
2026.05.21	02:48:25.118		158.868			4
2026.05.21	02:48:25.427	158.865				2
2026.05.21	02:48:26.779	158.862	158.867			6
2026.05.21	02:49:00.141	158.862				2
2026.05.21	02:49:08.908		158.865			4
2026.05.21	02:49:09.227		158.867			4
2026.05.21	02:49:09.536		158.865			4
2026.05.21	02:49:09.856		158.867			4
2026.05.21	02:49:10.458		158.866			4
2026.05.21	02:49:10.758		158.867			4
2026.05.21	02:49:11.058		158.866			4
2026.05.21	02:49:11.359		158.867			4
2026.05.21	02:49:11.665		158.866			4
2026.05.21	02:49:11.965		158.867			4
2026.05.21	02:49:12.267		158.866			4
2026.05.21	02:49:12.567		158.867			4
2026.05.21	02:49:15.676		158.866			4
2026.05.21	02:49:27.854	158.863	158.868			6
2026.05.21	02:49:31.522		158.869			4
2026.05.21	02:49:48.270		158.870			4
2026.05.21	02:49:59.348		158.869			4
2026.05.21	02:50:00.249	158.863				2
2026.05.21	02:50:02.653	158.862	158.868			6
2026.05.21	02:50:02.953		158.867			4
2026.05.21	02:50:03.554		158.868			4
2026.05.21	02:50:08.999		158.867			4
2026.05.21	02:50:16.113	158.861				2
2026.05.21	02:50:34.026	158.872	158.877			6
2026.05.21	02:50:34.323		158.878			4
2026.05.21	02:50:40.593		158.877			4
2026.05.21	02:50:41.165		158.878			4
2026.05.21	02:51:00.026	158.872	158.877			6
2026.05.21	02:51:04.079		158.878			4
2026.05.21	02:51:15.619	158.877	158.883			6
2026.05.21	02:51:15.919		158.882			4
2026.05.21	02:51:16.519	158.876				2
2026.05.21	02:51:17.422	158.877				2
2026.05.21	02:51:50.208	158.882	158.886			6
2026.05.21	02:51:50.508		158.887			4
2026.05.21	02:51:52.613	158.875	158.880			6
2026.05.21	02:52:00.373	158.875				2
2026.05.21	02:52:01.432		158.881			4
2026.05.21	02:52:01.733	158.876				2
2026.05.21	02:52:16.034		158.882			4
2026.05.21	02:52:19.231	158.875				2
2026.05.21	02:52:22.081		158.881			4
2026.05.21	02:52:24.787	158.876				2
2026.05.21	02:52:34.402	158.877				2
2026.05.21	02:52:34.706	158.876				2
2026.05.21	02:52:38.312		158.880			4
2026.05.21	02:52:42.218	158.875				2
2026.05.21	02:52:43.750		158.879			4
2026.05.21	02:52:45.261	158.873	158.877			6
2026.05.21	02:52:45.561		158.876			4
2026.05.21	02:52:45.861		158.877			4
2026.05.21	02:52:46.163		158.875			4
2026.05.21	02:52:46.463		158.876			4
2026.05.21	02:52:48.871		158.877			4
2026.05.21	02:52:56.388	158.872				2
2026.05.21	02:52:57.290		158.876			4
2026.05.21	02:53:00.294	158.872				2
2026.05.21	02:53:10.211	158.873				2
2026.05.21	02:53:21.329	158.874				2
2026.05.21	02:53:27.645	158.877	158.878			6
2026.05.21	02:53:27.945	158.879	158.881			6
2026.05.21	02:53:28.246	158.878	158.882			6
2026.05.21	02:53:36.368		158.881			4
2026.05.21	02:53:38.777	158.879	158.882			6
2026.05.21	02:53:40.582	158.878	158.881			6
2026.05.21	02:53:43.589		158.880			4
2026.05.21	02:53:44.491	158.877				2
2026.05.21	02:53:45.392	158.878	158.881			6
2026.05.21	02:53:45.691	158.877	158.880			6
2026.05.21	02:53:46.593	158.878	158.881			6
2026.05.21	02:53:52.303		158.880			4
2026.05.21	02:53:53.507	158.880	158.882			6
2026.05.21	02:54:00.115	158.880				2
2026.05.21	02:54:01.617	158.884	158.886			6
2026.05.21	02:54:01.917	158.883	158.885			6
2026.05.21	02:54:02.517	158.880	158.883			6
2026.05.21	02:54:03.117	158.879				2
2026.05.21	02:54:04.319	158.880				2
2026.05.21	02:54:06.122	158.883	158.886			6
2026.05.21	02:54:06.423	158.882	158.885			6
2026.05.21	02:54:17.243		158.884			4
2026.05.21	02:54:19.948	158.881	158.883			6
2026.05.21	02:54:20.248	158.880	158.882			6
2026.05.21	02:54:29.260	158.881				2
2026.05.21	02:54:32.571	158.879	158.880			6
2026.05.21	02:54:32.870	158.877	158.878			6
2026.05.21	02:54:33.172	158.875				2
2026.05.21	02:54:33.773	158.876	158.879			6
2026.05.21	02:54:34.073	158.875	158.878			6
2026.05.21	02:54:38.282	158.876				2
2026.05.21	02:54:46.404	158.875	158.877			6
2026.05.21	02:54:50.309	158.876				2
2026.05.21	02:54:53.313	158.877	158.878			6
2026.05.21	02:54:54.514	158.876	158.877			6
2026.05.21	02:54:59.021	158.877	158.878			6
2026.05.21	02:55:00.222	158.877				2
2026.05.21	02:55:06.833	158.876	158.877			6
2026.05.21	02:55:07.134	158.877	158.878			6
2026.05.21	02:55:13.151	158.883	158.884			6
2026.05.21	02:55:13.451	158.888	158.889			6
2026.05.21	02:55:13.753	158.887	158.888			6
2026.05.21	02:55:14.053	158.888	158.889			6
2026.05.21	02:55:14.353	158.886	158.891			6
2026.05.21	02:55:14.959		158.890			4
2026.05.21	02:55:17.970	158.887	158.891			6
2026.05.21	02:55:20.375		158.892			4
2026.05.21	02:55:23.440		158.891			4
2026.05.21	02:55:23.740	158.886				2
2026.05.21	02:55:26.148	158.887	158.892			6
2026.05.21	02:55:28.251		158.891			4
2026.05.21	02:55:28.552	158.890	158.894			6
2026.05.21	02:55:30.356		158.895			4
2026.05.21	02:55:34.273	158.889	158.894			6
2026.05.21	02:55:35.176	158.890				2
2026.05.21	02:55:43.609	158.889	158.893			6
2026.05.21	02:55:51.122	158.890				2
2026.05.21	02:55:51.723	158.889	158.892			6
2026.05.21	02:55:52.323	158.890	158.893			6
2026.05.21	02:55:58.941	158.891				2
2026.05.21	02:55:59.843	158.890	158.892			6
2026.05.21	02:56:00.143	158.890				2
2026.05.21	02:56:00.444	158.891	158.893			6
2026.05.21	02:56:00.744	158.890	158.892			6
2026.05.21	02:56:01.044		158.893			4
2026.05.21	02:56:02.248	158.891				2
2026.05.21	02:56:06.157	158.890	158.892			6
2026.05.21	02:56:06.457	158.891	158.893			6
2026.05.21	02:56:06.758	158.890	158.892			6
2026.05.21	02:56:13.071	158.891	158.893			6
2026.05.21	02:56:14.273		158.892			4
2026.05.21	02:56:15.175	158.892	158.893			6
2026.05.21	02:56:18.484	158.891	158.892			6
2026.05.21	02:56:33.219	158.892	158.893			6
2026.05.21	02:56:39.525	158.891	158.892			6
2026.05.21	02:56:39.826	158.890	158.891			6
2026.05.21	02:56:53.370	158.891	158.892			6
2026.05.21	02:56:59.086	158.890	158.891			6
2026.05.21	02:57:00.289	158.890				2
2026.05.21	02:57:11.397	158.889	158.890			6
2026.05.21	02:57:33.347	158.890	158.891			6
2026.05.21	02:57:33.649	158.889	158.890			6
2026.05.21	02:57:34.850	158.890	158.891			6
2026.05.21	02:57:35.151	158.888	158.889			6
2026.05.21	02:57:45.980	158.889	158.890			6
2026.05.21	02:57:46.281	158.888	158.889			6
2026.05.21	02:57:57.398	158.889	158.890			6
2026.05.21	02:57:58.302	158.888	158.889			6
2026.05.21	02:58:00.105	158.888				2
2026.05.21	02:58:01.007	158.887	158.888			6
2026.05.21	02:58:07.619	158.889	158.890			6
2026.05.21	02:58:07.919	158.888	158.889			6
2026.05.21	02:58:16.338	158.890	158.891			6
2026.05.21	02:58:19.645	158.887	158.888			6
2026.05.21	02:58:19.945	158.886	158.887			6
2026.05.21	02:58:20.847	158.884	158.885			6
2026.05.21	02:58:21.148	158.885	158.886			6
2026.05.21	02:58:21.448	158.886	158.887			6
2026.05.21	02:58:22.651	158.887	158.888			6
2026.05.21	02:58:22.950	158.888	158.889			6
2026.05.21	02:58:23.851	158.887	158.888			6
2026.05.21	02:58:24.151	158.888	158.889			6
2026.05.21	02:58:28.069	158.887	158.888			6
2026.05.21	02:58:28.370	158.886	158.887			6
2026.05.21	02:58:28.971	158.879	158.880			6
2026.05.21	02:58:29.272	158.878	158.879			6
2026.05.21	02:58:32.578	158.879	158.880			6
2026.05.21	02:58:36.788	158.878	158.879			6
2026.05.21	02:58:42.495	158.877	158.878			6
2026.05.21	02:58:54.520	158.876	158.877			6
2026.05.21	02:58:56.624	158.877	158.878			6
2026.05.21	02:58:56.924	158.878	158.879			6
2026.05.21	02:58:57.525	158.877	158.878			6
2026.05.21	02:58:58.427	158.878	158.879			6
2026.05.21	02:58:58.726	158.882	158.883			6
2026.05.21	02:58:59.027	158.880	158.881			6
2026.05.21	02:58:59.928	158.879	158.880			6
2026.05.21	02:59:00.227	158.879				2
2026.05.21	02:59:00.528	158.884	158.885			6
2026.05.21	02:59:01.129	158.883	158.886			6
2026.05.21	02:59:02.334	158.884	158.887			6
2026.05.21	02:59:02.635	158.886	158.889			6
