<DATE>	<TIME>	<BID>	<ASK>	<LAST>	<VOLUME>	<FLAGS>
2026.03.26	00:03:30.272	159.466	159.484			6
2026.03.26	00:03:50.494	159.462	159.488			6
2026.03.26	00:04:01.667	159.462				2
2026.03.26	00:04:05.380	159.461				2
2026.03.26	00:04:27.873	159.458				2
2026.03.26	00:04:33.139	159.465	159.484			6
2026.03.26	00:04:48.637	159.461				2
2026.03.26	00:05:03.744	159.453	159.488			6
2026.03.26	00:05:19.407	159.461	159.484			6
2026.03.26	00:05:43.306	159.458				2
2026.03.26	00:05:50.375	159.453	159.488			6
2026.03.26	00:06:03.226	159.453				2
2026.03.26	00:06:08.129	159.457				2
2026.03.26	00:06:20.464	159.454				2
2026.03.26	00:06:38.695	159.453				2
2026.03.26	00:07:00.176	159.453	159.488			6
2026.03.26	00:07:29.989	159.454				2
2026.03.26	00:08:00.832	159.453	159.488			6
2026.03.26	00:08:18.168	159.454				2
2026.03.26	00:08:49.416	159.453				2
2026.03.26	00:08:57.281	159.450	159.478			6
2026.03.26	00:09:02.604	159.450				2
2026.03.26	00:09:05.593	159.441	159.468			6
2026.03.26	00:09:07.929	159.442				2
2026.03.26	00:09:12.061	159.422	159.445			6
2026.03.26	00:09:12.663		159.444			4
2026.03.26	00:09:22.297		159.445			4
2026.03.26	00:09:30.432		159.444			4
2026.03.26	00:09:33.443	159.416	159.448			6
2026.03.26	00:09:34.644	159.393				2
2026.03.26	00:09:37.951	159.395	159.444			6
2026.03.26	00:09:41.263		159.443			4
2026.03.26	00:09:46.378		159.442			4
2026.03.26	00:09:55.713		159.443			4
2026.03.26	00:10:00.223	159.363				2
2026.03.26	00:10:00.824	159.386	159.444			6
2026.03.26	00:10:02.330		159.443			4
2026.03.26	00:10:02.933	159.363				2
2026.03.26	00:10:03.837	159.386				2
2026.03.26	00:10:06.849		159.444			4
2026.03.26	00:10:07.449	159.411				2
2026.03.26	00:10:09.851		159.443			4
2026.03.26	00:10:10.152	159.363				2
2026.03.26	00:10:10.452	159.362	159.442			6
2026.03.26	00:10:11.052	159.405				2
2026.03.26	00:10:12.555		159.441			4
2026.03.26	00:10:18.866		159.442			4
2026.03.26	00:10:23.074		159.441			4
2026.03.26	00:10:33.013		159.451			4
2026.03.26	00:10:34.219		159.441			4
2026.03.26	00:10:37.826		159.439			4
2026.03.26	00:10:38.732	159.380				2
2026.03.26	00:14:16.454	159.381	159.460			6
2026.03.26	00:14:20.352	159.379	159.458			6
2026.03.26	00:14:20.649	159.381	159.460			6
2026.03.26	00:14:25.768	159.372	159.456			6
2026.03.26	00:14:26.365	159.371	159.455			6
2026.03.26	00:14:27.578		159.448			4
2026.03.26	00:14:29.071	159.369	159.441			6
2026.03.26	00:14:30.576		159.442			4
2026.03.26	00:14:33.598		159.441			4
2026.03.26	00:14:40.823		159.440			4
2026.03.26	00:14:47.141		159.443			4
2026.03.26	00:14:56.167	159.371	159.448			6
2026.03.26	00:14:57.068		159.451			4
2026.03.26	00:14:59.471	159.372				2
2026.03.26	00:15:00.071	159.372				2
2026.03.26	00:15:00.371	159.369	159.434			6
2026.03.26	00:15:00.671		159.433			4
2026.03.26	00:15:01.271		159.435			4
2026.03.26	00:15:06.690		159.449			4
2026.03.26	00:15:11.821		159.451			4
2026.03.26	00:15:18.106	159.371				2
2026.03.26	00:15:21.122	159.374				2
2026.03.26	00:15:25.036	159.370				2
2026.03.26	00:15:28.046	159.369				2
2026.03.26	00:15:28.648	159.372				2
2026.03.26	00:15:30.149	159.371				2
2026.03.26	00:15:30.452	159.372				2
2026.03.26	00:15:30.752	159.371				2
2026.03.26	00:15:33.456	159.369	159.445			6
2026.03.26	00:15:33.758		159.446			4
2026.03.26	00:15:34.057		159.447			4
2026.03.26	00:15:35.566		159.446			4
2026.03.26	00:15:37.071	159.371	159.451			6
2026.03.26	00:15:37.673	159.370				2
2026.03.26	00:15:40.082	159.369				2
2026.03.26	00:15:46.747	159.370				2
2026.03.26	00:15:50.656	159.369	159.447			6
2026.03.26	00:15:50.957		159.448			4
2026.03.26	00:15:55.169		159.447			4
2026.03.26	00:15:59.988		159.448			4
2026.03.26	00:16:00.290	159.373	159.451			6
2026.03.26	00:16:00.591	159.369	159.448			6
2026.03.26	00:16:05.411		159.447			4
2026.03.26	00:16:07.519		159.451			4
2026.03.26	00:16:08.121		159.438			4
2026.03.26	00:16:08.421		159.439			4
2026.03.26	00:16:10.823		159.435			4
2026.03.26	00:16:15.634		159.426			4
2026.03.26	00:16:16.534		159.436			4
2026.03.26	00:16:18.342		159.438			4
2026.03.26	00:16:20.751		159.436			4
2026.03.26	00:16:21.348		159.422			4
2026.03.26	00:16:24.663		159.438			4
2026.03.26	00:16:25.264		159.435			4
2026.03.26	00:16:25.864		159.438			4
2026.03.26	00:16:26.767		159.436			4
2026.03.26	00:16:27.067		159.435			4
2026.03.26	00:16:27.368		159.421			4
2026.03.26	00:16:29.173		159.436			4
2026.03.26	00:16:32.482		159.437			4
2026.03.26	00:16:33.683		159.429			4
2026.03.26	00:16:33.985		159.432			4
2026.03.26	00:16:35.787		159.430			4
2026.03.26	00:16:38.196	159.378	159.451			6
2026.03.26	00:16:38.498	159.369				2
2026.03.26	00:16:38.805		159.449			4
2026.03.26	00:16:39.099		159.446			4
2026.03.26	00:16:40.601	159.378	159.451			6
2026.03.26	00:16:40.902	159.376				2
2026.03.26	00:16:48.125	159.377				2
2026.03.26	00:16:48.420	159.376				2
2026.03.26	00:16:51.429	159.369	159.439			6
2026.03.26	00:16:56.854		159.431			4
2026.03.26	00:16:58.358		159.430			4
2026.03.26	00:17:00.163	159.369				2
2026.03.26	00:17:01.972	159.377	159.455			6
2026.03.26	00:17:02.269		159.454			4
2026.03.26	00:17:02.565		159.453			4
2026.03.26	00:17:03.772		159.455			4
2026.03.26	00:17:04.369		159.452			4
2026.03.26	00:17:05.269		159.450			4
2026.03.26	00:17:06.180		159.451			4
2026.03.26	00:17:09.491		159.444			4
2026.03.26	00:17:18.525		159.443			4
2026.03.26	00:17:20.931		159.445			4
2026.03.26	00:17:28.753		159.448			4
2026.03.26	00:17:37.776		159.455			4
2026.03.26	00:17:41.991		159.439			4
2026.03.26	00:17:47.405		159.463			4
2026.03.26	00:17:57.019	159.378				2
2026.03.26	00:18:00.020	159.378				2
2026.03.26	00:18:00.320	159.377				2
2026.03.26	00:18:05.057	159.378				2
2026.03.26	00:18:05.358	159.383				2
2026.03.26	00:18:06.559	159.384				2
2026.03.26	00:18:08.965	159.386				2
2026.03.26	00:18:15.591	159.384				2
2026.03.26	00:18:16.193	159.385				2
2026.03.26	00:18:19.808	159.384				2
2026.03.26	00:18:21.014	159.385				2
2026.03.26	00:18:30.637	159.386				2
2026.03.26	00:18:47.467		159.463			4
2026.03.26	00:19:00.110	159.386				2
2026.03.26	00:19:01.614	159.383				2
2026.03.26	00:19:01.915	159.385				2
2026.03.26	00:19:20.872	159.384				2
2026.03.26	00:19:31.722		159.457			4
2026.03.26	00:19:32.027	159.389	159.456			6
2026.03.26	00:19:33.535	159.388				2
2026.03.26	00:19:35.341	159.387				2
2026.03.26	00:19:44.062	159.388	159.463			6
2026.03.26	00:19:44.363	159.386				2
2026.03.26	00:19:46.769		159.458			4
2026.03.26	00:19:52.183	159.385	159.456			6
2026.03.26	00:19:55.192	159.384				2
2026.03.26	00:20:00.005	159.384				2
2026.03.26	00:20:00.307	159.380				2
2026.03.26	00:20:00.606	159.379				2
2026.03.26	00:20:01.507	159.380				2
2026.03.26	00:20:02.109	159.381				2
2026.03.26	00:20:02.409	159.382				2
2026.03.26	00:20:03.612	159.377				2
2026.03.26	00:20:05.722	159.382				2
2026.03.26	00:20:08.433	159.383				2
2026.03.26	00:20:11.145	159.384				2
2026.03.26	00:20:15.952	159.385				2
2026.03.26	00:20:16.854		159.447			4
2026.03.26	00:20:18.058	159.386				2
2026.03.26	00:20:20.164	159.383				2
2026.03.26	00:20:21.067	159.382				2
2026.03.26	00:20:31.905	159.392				2
2026.03.26	00:20:32.205	159.390				2
2026.03.26	00:21:00.188	159.390				2
2026.03.26	00:21:00.490	159.378				2
2026.03.26	00:21:03.803	159.380				2
2026.03.26	00:21:11.923		159.446			4
2026.03.26	00:21:13.727	159.381				2
2026.03.26	00:21:17.335	159.382				2
2026.03.26	00:21:18.839	159.383				2
2026.03.26	00:21:23.050	159.384				2
2026.03.26	00:21:25.153	159.383				2
2026.03.26	00:21:41.719	159.382				2
2026.03.26	00:21:42.020	159.383				2
2026.03.26	00:21:47.434	159.382				2
2026.03.26	00:21:51.341	159.383				2
2026.03.26	00:21:51.641	159.389				2
2026.03.26	00:22:00.064	159.389				2
2026.03.26	00:22:00.364	159.383				2
2026.03.26	00:22:01.567	159.377				2
2026.03.26	00:22:01.868	159.383				2
2026.03.26	00:22:03.373	159.367				2
2026.03.26	00:22:10.730		159.442			4
2026.03.26	00:22:18.554		159.441			4
2026.03.26	00:22:20.362		159.445			4
2026.03.26	00:22:20.662		159.446			4
2026.03.26	00:22:22.847		159.445			4
2026.03.26	00:22:27.659		159.446			4
2026.03.26	00:22:28.564		159.444			4
2026.03.26	00:22:31.279		159.446			4
2026.03.26	00:22:33.907		159.445			4
2026.03.26	00:22:34.208		159.446			4
2026.03.26	00:22:36.839		159.445			4
2026.03.26	00:22:43.459		159.446			4
2026.03.26	00:23:00.319	159.367				2
2026.03.26	00:23:01.007		159.444			4
2026.03.26	00:23:01.608		159.446			4
2026.03.26	00:23:10.861	159.385				2
2026.03.26	00:23:12.063	159.384				2
2026.03.26	00:23:18.084	159.378				2
2026.03.26	00:23:20.500	159.377				2
2026.03.26	00:23:21.704	159.376				2
2026.03.26	00:23:26.515	159.375				2
2026.03.26	00:23:27.421	159.376				2
2026.03.26	00:23:29.224	159.375				2
2026.03.26	00:23:36.747	159.374				2
2026.03.26	00:23:40.653	159.384				2
2026.03.26	00:23:41.253	159.383				2
2026.03.26	00:23:49.982	159.384				2
2026.03.26	00:23:51.508	159.379				2
2026.03.26	00:23:55.121	159.380				2
2026.03.26	00:23:55.423	159.379				2
2026.03.26	00:24:00.247	159.379				2
2026.03.26	00:24:01.450	159.375				2
2026.03.26	00:24:01.752		159.446			4
2026.03.26	00:24:03.259	159.376				2
2026.03.26	00:24:03.559	159.380				2
2026.03.26	00:24:15.300	159.386				2
2026.03.26	00:24:24.632	159.379				2
2026.03.26	00:24:30.348	159.380				2
2026.03.26	00:24:35.761	159.381				2
2026.03.26	00:24:38.165	159.382				2
2026.03.26	00:24:39.068	159.383				2
2026.03.26	00:24:43.887	159.384				2
2026.03.26	00:24:45.995	159.386				2
2026.03.26	00:24:55.032	159.388				2
2026.03.26	00:25:00.149	159.388				2
2026.03.26	00:25:00.450	159.389				2
2026.03.26	00:25:01.352	159.388				2
2026.03.26	00:25:01.953		159.446			4
2026.03.26	00:25:03.155	159.390				2
2026.03.26	00:25:07.061	159.396				2
2026.03.26	00:25:07.363	159.395				2
2026.03.26	00:25:10.673	159.396				2
2026.03.26	00:25:11.580	159.392				2
2026.03.26	00:25:19.137	159.393				2
2026.03.26	00:25:20.038	159.392				2
2026.03.26	00:25:21.546	159.389				2
2026.03.26	00:25:21.849	159.390				2
2026.03.26	00:25:22.151	159.384				2
2026.03.26	00:25:26.355	159.385				2
2026.03.26	00:25:26.657	159.386				2
2026.03.26	00:25:30.564	159.387				2
2026.03.26	00:25:33.871	159.388				2
2026.03.26	00:25:35.377	159.389				2
2026.03.26	00:25:35.976	159.390				2
2026.03.26	00:25:45.304	159.391				2
2026.03.26	00:25:48.017	159.392				2
2026.03.26	00:26:00.058	159.392				2
2026.03.26	00:26:01.863	159.396				2
2026.03.26	00:26:02.162		159.446			4
2026.03.26	00:26:15.408	159.395				2
2026.03.26	00:26:37.368	159.393				2
2026.03.26	00:27:00.252	159.393				2
2026.03.26	00:27:02.348		159.446			4
2026.03.26	00:27:31.238	159.382				2
2026.03.26	00:27:31.841	159.383				2
2026.03.26	00:27:33.952	159.384				2
2026.03.26	00:27:34.850	159.385				2
2026.03.26	00:27:42.065	159.393				2
2026.03.26	00:27:50.797	159.392				2
2026.03.26	00:28:00.129	159.392				2
2026.03.26	00:28:02.230	159.383				2
2026.03.26	00:28:02.532		159.446			4
2026.03.26	00:28:03.436	159.384				2
2026.03.26	00:28:06.746	159.386				2
2026.03.26	00:28:08.252	159.385				2
2026.03.26	00:28:08.852	159.387				2
2026.03.26	00:28:16.667	159.391				2
2026.03.26	00:28:18.773	159.390				2
2026.03.26	00:28:21.499	159.388				2
2026.03.26	00:28:47.967	159.391				2
2026.03.26	00:28:51.580	159.385				2
2026.03.26	00:28:58.516	159.386				2
2026.03.26	00:29:00.029	159.386				2
2026.03.26	00:29:00.623	159.383				2
2026.03.26	00:29:01.524	159.385				2
2026.03.26	00:29:02.429	159.383				2
2026.03.26	00:29:02.733		159.446			4
2026.03.26	00:29:04.541	159.384				2
2026.03.26	00:29:07.553	159.385				2
2026.03.26	00:29:11.762	159.387				2
2026.03.26	00:29:28.014	159.388				2
2026.03.26	00:29:29.520	159.391				2
2026.03.26	00:29:35.839	159.390				2
2026.03.26	00:29:46.969	159.391				2
2026.03.26	00:29:47.874	159.392				2
2026.03.26	00:29:48.778	159.388				2
2026.03.26	00:29:50.288	159.394				2
2026.03.26	00:29:50.588	159.388				2
2026.03.26	00:29:50.890	159.394				2
2026.03.26	00:29:51.194	159.388				2
2026.03.26	00:29:51.488	159.394				2
2026.03.26	00:29:52.093	159.386				2
2026.03.26	00:29:52.387	159.394				2
2026.03.26	00:29:52.698	159.386				2
2026.03.26	00:29:52.997	159.394				2
2026.03.26	00:29:53.300	159.386				2
2026.03.26	00:29:53.599	159.394				2
2026.03.26	00:29:53.905	159.386				2
2026.03.26	00:29:55.722	159.387				2
2026.03.26	00:29:56.022	159.388				2
2026.03.26	00:30:00.238	159.395				2
2026.03.26	00:30:00.538	159.396				2
2026.03.26	00:30:02.345	159.395				2
2026.03.26	00:30:02.945		159.448			4
2026.03.26	00:30:03.247	159.389				2
2026.03.26	00:30:06.551	159.391				2
2026.03.26	00:30:07.453	159.392				2
2026.03.26	00:30:10.160	159.395				2
2026.03.26	00:30:10.460	159.396				2
2026.03.26	00:30:14.062	159.398				2
2026.03.26	00:30:15.266	159.397				2
2026.03.26	00:30:17.672	159.396				2
2026.03.26	00:30:22.175	159.394				2
2026.03.26	00:30:22.483	159.391				2
2026.03.26	00:30:22.776	159.394				2
2026.03.26	00:30:23.084	159.392				2
2026.03.26	00:30:23.379	159.394				2
2026.03.26	00:30:23.685	159.392				2
2026.03.26	00:30:24.283	159.394				2
2026.03.26	00:30:24.585	159.392				2
2026.03.26	00:30:29.700	159.393				2
2026.03.26	00:30:30.305	159.394	159.449			6
2026.03.26	00:30:31.205	159.395				2
2026.03.26	00:30:32.108	159.394				2
2026.03.26	00:30:35.115	159.392				2
2026.03.26	00:30:35.417	159.398	159.455			6
2026.03.26	00:30:36.317	159.397				2
2026.03.26	00:30:36.922	159.398	159.456			6
2026.03.26	00:30:39.926	159.397				2
2026.03.26	00:30:42.636	159.396	159.453			6
2026.03.26	00:30:45.043	159.397				2
2026.03.26	00:30:45.346	159.396				2
2026.03.26	00:30:47.449	159.397				2
2026.03.26	00:30:51.050	159.398				2
2026.03.26	00:30:53.758	159.399				2
2026.03.26	00:30:55.560	159.400				2
2026.03.26	00:30:59.167	159.399				2
2026.03.26	00:31:00.070	159.399				2
2026.03.26	00:31:01.266	159.397				2
2026.03.26	00:31:03.373	159.398				2
2026.03.26	00:31:03.677	159.399				2
2026.03.26	00:31:14.228	159.400				2
2026.03.26	00:31:18.144	159.399				2
2026.03.26	00:31:19.651	159.398				2
2026.03.26	00:31:31.964	159.399				2
2026.03.26	00:31:34.373	159.400				2
2026.03.26	00:31:42.805		159.453			4
2026.03.26	00:31:53.646		159.452			4
2026.03.26	00:31:53.948	159.399				2
2026.03.26	00:32:00.259	159.399				2
2026.03.26	00:32:00.563	159.400				2
2026.03.26	00:32:02.965		159.449			4
2026.03.26	00:32:04.164	159.399				2
2026.03.26	00:32:06.274	159.398				2
2026.03.26	00:32:09.281	159.399				2
2026.03.26	00:32:13.500	159.398				2
2026.03.26	00:32:13.804	159.397				2
2026.03.26	00:32:21.330	159.398				2
2026.03.26	00:32:21.629	159.392				2
2026.03.26	00:32:22.532	159.393				2
2026.03.26	00:32:24.332	159.394				2
2026.03.26	00:32:25.228	159.393				2
2026.03.26	00:32:26.428	159.387				2
2026.03.26	00:32:31.245	159.386				2
2026.03.26	00:32:32.747	159.387				2
2026.03.26	00:32:39.963	159.383				2
2026.03.26	00:32:41.461		159.451			4
2026.03.26	00:32:48.372	159.378	159.450			6
2026.03.26	00:32:53.803		159.452			4
2026.03.26	00:33:00.125	159.378				2
2026.03.26	00:33:03.433	159.375	159.453			6
2026.03.26	00:33:03.731	159.374				2
2026.03.26	00:33:04.332	159.375				2
2026.03.26	00:33:10.348	159.376				2
2026.03.26	00:33:13.649		159.452			4
2026.03.26	00:33:13.955		159.455			4
2026.03.26	00:33:16.956		159.456			4
2026.03.26	00:33:18.758	159.375	159.453			6
2026.03.26	00:33:23.568	159.380	159.437			6
2026.03.26	00:33:29.004		159.439			4
2026.03.26	00:33:31.720	159.367	159.448			6
2026.03.26	00:33:34.145	159.380	159.446			6
2026.03.26	00:33:34.448	159.379	159.447			6
2026.03.26	00:33:38.358	159.380	159.438			6
2026.03.26	00:33:39.259	159.379				2
2026.03.26	00:33:39.562	159.381	159.436			6
2026.03.26	00:33:39.862	159.382	159.440			6
2026.03.26	00:33:41.665	159.383				2
2026.03.26	00:33:43.772		159.439			4
2026.03.26	00:33:49.797		159.443			4
2026.03.26	00:33:51.600	159.385	159.442			6
2026.03.26	00:33:54.618	159.386	159.439			6
2026.03.26	00:33:59.129	159.383	159.440			6
2026.03.26	00:33:59.430		159.435			4
2026.03.26	00:34:00.030	159.383				2
2026.03.26	00:34:08.149	159.384				2
2026.03.26	00:34:09.351		159.438			4
2026.03.26	00:34:09.652		159.444			4
2026.03.26	00:34:12.957		159.437			4
2026.03.26	00:34:13.858	159.385				2
2026.03.26	00:34:15.960	159.392				2
2026.03.26	00:34:22.576	159.393	159.435			6
2026.03.26	00:34:22.883	159.391				2
2026.03.26	00:34:23.786	159.392	159.439			6
2026.03.26	00:34:24.086	159.393				2
2026.03.26	00:34:25.588	159.392	159.437			6
2026.03.26	00:34:31.021	159.391	159.436			6
2026.03.26	00:34:35.532	159.392	159.440			6
2026.03.26	00:34:37.939	159.393				2
2026.03.26	00:34:40.344		159.437			4
2026.03.26	00:34:45.754	159.394				2
2026.03.26	00:34:47.560	159.392				2
2026.03.26	00:34:49.660	159.380	159.438			6
2026.03.26	00:34:50.865		159.440			4
2026.03.26	00:34:53.570	159.381				2
2026.03.26	00:34:55.373		159.437			4
2026.03.26	00:35:00.182	159.381				2
2026.03.26	00:35:00.784	159.382				2
2026.03.26	00:35:04.411	159.383				2
2026.03.26	00:35:05.619		159.440			4
2026.03.26	00:35:10.432		159.437			4
2026.03.26	00:35:20.359	159.384				2
2026.03.26	00:35:20.660	159.383	159.436			6
2026.03.26	00:35:26.069		159.437			4
2026.03.26	00:35:26.677	159.367	159.451			6
2026.03.26	00:35:26.975		159.454			4
2026.03.26	00:35:27.275	159.378	159.453			6
2026.03.26	00:35:28.183	159.365				2
2026.03.26	00:35:29.093	159.367	159.448			6
2026.03.26	00:35:29.387	159.368				2
2026.03.26	00:35:31.500	159.369				2
2026.03.26	00:35:35.107	159.382	159.445			6
2026.03.26	00:35:35.408	159.370	159.454			6
2026.03.26	00:35:36.610	159.369				2
2026.03.26	00:35:38.113	159.376	159.449			6
2026.03.26	00:35:38.417	159.371	159.454			6
2026.03.26	00:35:38.713	159.372				2
2026.03.26	00:35:39.920	159.375	159.449			6
2026.03.26	00:35:40.219	159.371	159.454			6
2026.03.26	00:35:41.123	159.372				2
2026.03.26	00:35:43.225	159.381				2
2026.03.26	00:35:43.526	159.384				2
2026.03.26	00:35:43.829	159.383				2
2026.03.26	00:35:46.240	159.372	159.452			6
2026.03.26	00:35:46.842		159.451			4
2026.03.26	00:35:47.141	159.376				2
2026.03.26	00:35:48.044	159.380				2
2026.03.26	00:35:48.345	159.383				2
2026.03.26	00:35:48.647	159.377				2
2026.03.26	00:35:49.246	159.376				2
2026.03.26	00:35:49.851	159.377				2
2026.03.26	00:35:50.751	159.381				2
2026.03.26	00:35:51.051	159.382				2
2026.03.26	00:35:51.352	159.377				2
2026.03.26	00:35:51.648	159.385	159.450			6
2026.03.26	00:35:51.954	159.378				2
2026.03.26	00:35:53.155	159.384				2
2026.03.26	00:35:53.458	159.386				2
2026.03.26	00:35:53.754	159.378				2
2026.03.26	00:35:54.060	159.377				2
2026.03.26	00:35:54.355	159.378				2
2026.03.26	00:35:54.658	159.379				2
2026.03.26	00:35:54.963	159.376				2
2026.03.26	00:35:55.867	159.378				2
2026.03.26	00:35:56.170	159.379				2
2026.03.26	00:35:57.064		159.447			4
2026.03.26	00:35:57.370	159.378				2
2026.03.26	00:35:57.669	159.377				2
2026.03.26	00:35:57.970	159.375	159.454			6
2026.03.26	00:36:00.073	159.375				2
2026.03.26	00:36:01.278	159.380	159.451			6
2026.03.26	00:36:01.575	159.376	159.450			6
2026.03.26	00:36:01.875	159.377				2
2026.03.26	00:36:02.477	159.378				2
2026.03.26	00:36:02.779	159.377				2
2026.03.26	00:36:05.198	159.374	159.454			6
2026.03.26	00:36:05.500	159.375				2
2026.03.26	00:36:05.803	159.376				2
2026.03.26	00:36:06.403	159.377				2
2026.03.26	00:36:07.307	159.376				2
2026.03.26	00:36:11.220	159.381				2
2026.03.26	00:36:12.122	159.375				2
2026.03.26	00:36:12.422	159.376				2
2026.03.26	00:36:14.224	159.379				2
2026.03.26	00:36:16.037		159.456			4
2026.03.26	00:36:16.333	159.375	159.458			6
2026.03.26	00:36:19.945	159.374				2
2026.03.26	00:36:28.369	159.372	159.461			6
2026.03.26	00:36:31.378	159.379				2
2026.03.26	00:36:31.678	159.376				2
2026.03.26	00:36:31.978		159.454			4
2026.03.26	00:36:32.275	159.380	159.455			6
2026.03.26	00:36:32.580	159.376				2
2026.03.26	00:36:32.883	159.377				2
2026.03.26	00:36:33.178	159.375	159.451			6
2026.03.26	00:36:33.479	159.378				2
2026.03.26	00:36:34.087		159.452			4
2026.03.26	00:36:34.388	159.379				2
2026.03.26	00:36:34.688	159.381				2
2026.03.26	00:36:35.292	159.380				2
2026.03.26	00:36:35.891	159.379				2
2026.03.26	00:36:38.307	159.381				2
2026.03.26	00:36:39.806		159.454			4
2026.03.26	00:36:40.110	159.383	159.453			6
2026.03.26	00:36:40.406	159.382				2
2026.03.26	00:36:41.009	159.383				2
2026.03.26	00:36:41.614	159.379				2
2026.03.26	00:36:47.034	159.383				2
2026.03.26	00:36:47.331	159.378				2
2026.03.26	00:36:47.936	159.380				2
2026.03.26	00:36:49.740	159.382				2
2026.03.26	00:36:50.044	159.379				2
2026.03.26	00:36:50.345	159.380				2
2026.03.26	00:36:51.848	159.381				2
2026.03.26	00:36:52.150	159.379				2
2026.03.26	00:36:53.956	159.381				2
2026.03.26	00:36:55.158	159.378				2
2026.03.26	00:36:55.757	159.381				2
2026.03.26	00:36:56.360	159.378				2
2026.03.26	00:36:57.862	159.379				2
2026.03.26	00:36:59.965	159.378				2
2026.03.26	00:37:00.266	159.380				2
2026.03.26	00:37:01.168	159.378				2
2026.03.26	00:37:01.470	159.379				2
2026.03.26	00:37:02.973	159.378	159.450			6
2026.03.26	00:37:05.092	159.380	159.447			6
2026.03.26	00:37:05.394	159.379				2
2026.03.26	00:37:11.418	159.380				2
2026.03.26	00:37:11.718	159.378	159.449			6
2026.03.26	00:37:12.621	159.379				2
2026.03.26	00:37:14.125	159.377				2
2026.03.26	00:37:14.425	159.378				2
2026.03.26	00:37:20.440	159.379				2
2026.03.26	00:37:21.647	159.378				2
2026.03.26	00:37:32.782	159.379				2
2026.03.26	00:37:33.077	159.378				2
2026.03.26	00:37:36.393	159.376				2
2026.03.26	00:37:36.694	159.378				2
2026.03.26	00:37:39.707	159.379				2
2026.03.26	00:37:43.025		159.450			4
2026.03.26	00:37:43.322	159.378				2
2026.03.26	00:37:46.935	159.377				2
2026.03.26	00:37:47.534	159.378				2
2026.03.26	00:37:51.143	159.379				2
2026.03.26	00:37:51.746	159.380				2
2026.03.26	00:37:52.046	159.379				2
2026.03.26	00:37:53.247	159.378				2
2026.03.26	00:37:53.851	159.377				2
2026.03.26	00:37:54.749	159.380				2
2026.03.26	00:37:55.048	159.377				2
2026.03.26	00:37:56.549	159.378	159.446			6
2026.03.26	00:37:56.853	159.377				2
2026.03.26	00:37:57.150	159.379				2
2026.03.26	00:37:57.756	159.378				2
2026.03.26	00:37:58.352	159.382	159.457			6
2026.03.26	00:37:59.258	159.384	159.450			6
2026.03.26	00:38:00.156	159.384				2
2026.03.26	00:38:00.456		159.451			4
2026.03.26	00:38:03.461	159.383				2
2026.03.26	00:38:05.263	159.381				2
2026.03.26	00:38:05.562	159.382				2
2026.03.26	00:38:06.762	159.381				2
2026.03.26	00:38:08.266	159.380				2
2026.03.26	00:38:08.569	159.379				2
2026.03.26	00:38:10.371	159.380	159.454			6
2026.03.26	00:38:13.676	159.379				2
2026.03.26	00:38:13.981	159.383	159.452			6
2026.03.26	00:38:14.882	159.378				2
2026.03.26	00:38:15.182	159.381				2
2026.03.26	00:38:17.599	159.382				2
2026.03.26	00:38:17.893	159.381				2
2026.03.26	00:38:19.706	159.378				2
2026.03.26	00:38:21.812	159.380				2
2026.03.26	00:38:22.114	159.381				2
2026.03.26	00:38:22.414	159.378	159.454			6
2026.03.26	00:38:25.421	159.379				2
2026.03.26	00:38:26.322	159.382	159.452			6
2026.03.26	00:38:27.226	159.383				2
2026.03.26	00:38:27.523	159.381				2
2026.03.26	00:38:28.427	159.382				2
2026.03.26	00:38:31.136	159.380				2
2026.03.26	00:38:31.739		159.454			4
2026.03.26	00:38:32.636	159.381				2
2026.03.26	00:38:32.937	159.379				2
2026.03.26	00:38:33.237	159.380				2
2026.03.26	00:38:34.739	159.379				2
2026.03.26	00:38:35.340	159.378				2
2026.03.26	00:38:36.246	159.381				2
2026.03.26	00:38:36.848	159.378				2
2026.03.26	00:38:37.149	159.383				2
2026.03.26	00:38:38.051		159.449			4
2026.03.26	00:38:38.351	159.382				2
2026.03.26	00:38:38.652	159.383				2
2026.03.26	00:38:40.160	159.381				2
2026.03.26	00:38:40.460	159.383				2
2026.03.26	00:38:42.263	159.382				2
2026.03.26	00:38:42.564	159.383				2
2026.03.26	00:38:44.365	159.384				2
2026.03.26	00:38:46.773	159.377	159.458			6
2026.03.26	00:38:47.074	159.384	159.452			6
2026.03.26	00:38:47.674	159.381				2
2026.03.26	00:38:48.277	159.383				2
2026.03.26	00:38:49.193	159.382				2
2026.03.26	00:38:49.797	159.380				2
2026.03.26	00:38:51.006	159.372	159.423			6
2026.03.26	00:38:51.307		159.432			4
2026.03.26	00:38:51.911		159.423			4
2026.03.26	00:38:53.115	159.371				2
2026.03.26	00:38:53.417	159.372				2
2026.03.26	00:38:59.427	159.370				2
2026.03.26	00:39:00.027	159.370				2
2026.03.26	00:39:03.640	159.371				2
2026.03.26	00:39:04.845	159.370				2
2026.03.26	00:39:05.145	159.373				2
2026.03.26	00:39:05.446	159.374				2
2026.03.26	00:39:05.747	159.373				2
2026.03.26	00:39:06.046	159.374				2
2026.03.26	00:39:11.454	159.373				2
2026.03.26	00:39:11.753	159.376				2
2026.03.26	00:39:12.055	159.375				2
2026.03.26	00:39:12.656	159.373				2
2026.03.26	00:39:19.873	159.374				2
2026.03.26	00:39:22.592	159.373				2
2026.03.26	00:39:30.124	159.374				2
2026.03.26	00:39:39.448	159.373				2
2026.03.26	00:39:41.252	159.376				2
2026.03.26	00:39:47.873	159.375				2
2026.03.26	00:39:49.680	159.376				2
2026.03.26	00:39:50.887	159.375				2
2026.03.26	00:39:51.187	159.373				2
2026.03.26	00:39:52.091		159.423			4
2026.03.26	00:39:55.106	159.374				2
2026.03.26	00:40:00.219	159.374				2
2026.03.26	00:40:05.333	159.375				2
2026.03.26	00:40:12.249	159.372				2
2026.03.26	00:40:16.460	159.371				2
2026.03.26	00:40:17.967	159.370				2
2026.03.26	00:40:18.869	159.371				2
2026.03.26	00:40:19.772	159.370				2
2026.03.26	00:40:30.620	159.369				2
2026.03.26	00:40:31.822	159.370				2
2026.03.26	00:40:37.539	159.368				2
2026.03.26	00:40:37.840	159.373				2
2026.03.26	00:40:38.141	159.372				2
2026.03.26	00:40:40.249	159.373				2
2026.03.26	00:40:40.849	159.372				2
2026.03.26	00:40:51.068	159.371				2
2026.03.26	00:40:51.669	159.372				2
2026.03.26	00:40:52.270		159.423			4
2026.03.26	00:40:53.174		159.428			4
2026.03.26	00:40:53.474	159.373				2
2026.03.26	00:40:53.774	159.372	159.423			6
2026.03.26	00:40:57.395	159.373				2
2026.03.26	00:40:57.695	159.380				2
2026.03.26	00:40:57.996	159.378				2
2026.03.26	00:41:00.111	159.378				2
2026.03.26	00:41:05.237	159.380				2
2026.03.26	00:41:13.058		159.424			4
2026.03.26	00:41:17.873	159.379				2
2026.03.26	00:41:23.911	159.375				2
2026.03.26	00:41:24.811	159.376				2
2026.03.26	00:41:25.111	159.379				2
2026.03.26	00:41:26.618	159.378				2
2026.03.26	00:41:31.126	159.373				2
2026.03.26	00:41:35.035	159.372				2
2026.03.26	00:41:35.337	159.374				2
2026.03.26	00:41:38.047	159.371				2
2026.03.26	00:41:41.654	159.372				2
2026.03.26	00:41:42.859	159.373				2
2026.03.26	00:41:51.589	159.372				2
2026.03.26	00:42:00.020	159.372				2
2026.03.26	00:42:11.750	159.371				2
2026.03.26	00:42:13.252		159.424			4
2026.03.26	00:42:16.259	159.372				2
2026.03.26	00:42:18.363	159.371				2
2026.03.26	00:42:22.268	159.372				2
2026.03.26	00:42:26.185		159.423			4
2026.03.26	00:42:35.522	159.371				2
2026.03.26	00:42:41.544		159.422			4
2026.03.26	00:42:41.844		159.423			4
2026.03.26	00:42:42.144	159.376	159.422			6
2026.03.26	00:42:42.445	159.375				2
2026.03.26	00:42:43.048		159.423			4
2026.03.26	00:42:43.348	159.374				2
2026.03.26	00:42:43.948	159.373	159.422			6
2026.03.26	00:42:44.248	159.375				2
2026.03.26	00:42:44.850	159.374	159.423			6
2026.03.26	00:42:45.150	159.375	159.422			6
2026.03.26	00:42:45.450	159.374				2
2026.03.26	00:42:46.352	159.373				2
2026.03.26	00:42:47.854	159.372				2
2026.03.26	00:42:48.757		159.423			4
2026.03.26	00:42:50.559	159.373				2
2026.03.26	00:42:51.765		159.422			4
2026.03.26	00:42:52.668	159.372	159.421			6
2026.03.26	00:42:52.969		159.422			4
2026.03.26	00:42:53.273	159.371				2
2026.03.26	00:42:54.174	159.374				2
2026.03.26	00:43:00.213	159.374				2
2026.03.26	00:43:01.717	159.372				2
2026.03.26	00:43:05.023	159.370	159.414			6
2026.03.26	00:43:05.623	159.369				2
2026.03.26	00:43:06.524	159.370				2
2026.03.26	00:43:10.134	159.369				2
2026.03.26	00:43:11.641	159.370				2
2026.03.26	00:43:14.648	159.369				2
2026.03.26	00:43:15.850		159.413			4
2026.03.26	00:43:17.954	159.367				2
2026.03.26	00:43:21.561	159.369				2
2026.03.26	00:43:21.861	159.368				2
2026.03.26	00:43:22.764	159.369				2
2026.03.26	00:43:23.066		159.412			4
2026.03.26	00:43:24.269	159.368				2
2026.03.26	00:43:27.890	159.369				2
2026.03.26	00:43:30.897		159.411			4
2026.03.26	00:43:31.498	159.368				2
2026.03.26	00:43:34.812	159.367				2
2026.03.26	00:43:39.021	159.366				2
2026.03.26	00:43:39.322	159.367				2
2026.03.26	00:43:39.622	159.366				2
2026.03.26	00:43:40.524		159.409			4
2026.03.26	00:43:48.650	159.367				2
2026.03.26	00:43:56.168		159.408			4
2026.03.26	00:44:00.080	159.364				2
2026.03.26	00:44:01.585	159.365				2
2026.03.26	00:44:05.505		159.407			4
2026.03.26	00:44:11.219	159.367				2
2026.03.26	00:44:12.724	159.366				2
2026.03.26	00:44:17.540	159.367				2
2026.03.26	00:44:17.839	159.364	159.399			6
2026.03.26	00:44:18.144	159.363				2
2026.03.26	00:44:18.444		159.400			4
2026.03.26	00:44:19.648		159.399			4
2026.03.26	00:44:21.750	159.362				2
2026.03.26	00:44:24.154		159.400			4
2026.03.26	00:44:28.063	159.364	159.401			6
2026.03.26	00:44:28.364	159.363				2
2026.03.26	00:44:31.969	159.364	159.402			6
2026.03.26	00:44:33.474	159.365				2
2026.03.26	00:44:33.774	159.364	159.404			6
2026.03.26	00:44:35.284	159.365				2
2026.03.26	00:44:41.014	159.366				2
2026.03.26	00:44:44.930	159.365				2
2026.03.26	00:44:45.230	159.364				2
2026.03.26	00:44:45.531		159.405			4
2026.03.26	00:44:47.037		159.404			4
2026.03.26	00:44:48.840	159.365				2
2026.03.26	00:44:53.651		159.405			4
2026.03.26	00:44:55.152	159.366				2
2026.03.26	00:44:55.453	159.365	159.404			6
2026.03.26	00:45:00.265	159.365				2
2026.03.26	00:45:02.672	159.366				2
2026.03.26	00:45:03.274		159.432			4
2026.03.26	00:45:06.292	159.365	159.431			6
2026.03.26	00:45:06.595	159.366	159.405			6
2026.03.26	00:45:06.897	159.365	159.404			6
2026.03.26	00:45:07.198	159.364				2
2026.03.26	00:45:09.007	159.365				2
2026.03.26	00:45:10.209	159.364				2
2026.03.26	00:45:13.522	159.365				2
2026.03.26	00:45:14.723	159.364				2
2026.03.26	00:45:23.750	159.363				2
2026.03.26	00:45:24.050	159.364				2
2026.03.26	00:45:26.753	159.363				2
2026.03.26	00:45:33.672	159.364				2
2026.03.26	00:45:40.306	159.363				2
2026.03.26	00:45:44.221	159.364				2
2026.03.26	00:45:45.126	159.362				2
2026.03.26	00:45:55.050	159.364				2
2026.03.26	00:45:55.350	159.362				2
2026.03.26	00:45:55.650	159.363				2
2026.03.26	00:46:00.159	159.363				2
2026.03.26	00:46:03.165	159.364				2
2026.03.26	00:46:07.071		159.404			4
2026.03.26	00:46:10.384	159.363				2
2026.03.26	00:46:15.518	159.364				2
2026.03.26	00:46:18.229	159.363				2
2026.03.26	00:46:21.533		159.403			4
2026.03.26	00:46:23.039		159.404			4
2026.03.26	00:46:30.260	159.364				2
2026.03.26	00:46:31.161		159.403			4
2026.03.26	00:46:36.577	159.365	159.404			6
2026.03.26	00:46:38.082	159.364				2
2026.03.26	00:46:47.407	159.363				2
2026.03.26	00:46:48.014	159.364				2
2026.03.26	00:46:54.031	159.362	159.403			6
2026.03.26	00:46:54.332	159.363				2
2026.03.26	00:46:56.441	159.364	159.404			6
2026.03.26	00:46:57.945		159.403			4
2026.03.26	00:47:00.050	159.364				2
2026.03.26	00:47:00.349	159.363				2
2026.03.26	00:47:01.553		159.404			4
2026.03.26	00:47:03.356		159.429			4
2026.03.26	00:47:03.957	159.364	159.430			6
2026.03.26	00:47:06.361	159.365	159.405			6
2026.03.26	00:47:06.962		159.403			4
2026.03.26	00:47:09.069		159.404			4
2026.03.26	00:47:25.618		159.403			4
2026.03.26	00:47:29.823		159.404			4
2026.03.26	00:47:30.428	159.364				2
2026.03.26	00:47:35.247	159.365				2
2026.03.26	00:47:45.172	159.362	159.403			6
2026.03.26	00:47:45.474	159.363				2
2026.03.26	00:47:46.674		159.404			4
2026.03.26	00:47:52.400	159.365				2
2026.03.26	00:48:00.224	159.365				2
2026.03.26	00:48:00.828	159.364				2
2026.03.26	00:48:05.037	159.363				2
2026.03.26	00:48:10.150	159.364				2
2026.03.26	00:48:10.452	159.365				2
2026.03.26	00:48:15.557	159.364				2
2026.03.26	00:48:15.857	159.365				2
2026.03.26	00:48:16.764	159.364	159.403			6
2026.03.26	00:48:23.675	159.363	159.404			6
2026.03.26	00:48:23.974	159.362				2
2026.03.26	00:48:24.577	159.363				2
2026.03.26	00:48:25.178	159.362				2
2026.03.26	00:48:25.479	159.363				2
2026.03.26	00:48:31.502	159.364				2
2026.03.26	00:48:36.617	159.365				2
2026.03.26	00:48:45.046	159.363				2
2026.03.26	00:48:45.345	159.364				2
2026.03.26	00:48:55.260	159.363				2
2026.03.26	00:49:00.068	159.363				2
2026.03.26	00:49:13.015	159.362				2
2026.03.26	00:49:19.033	159.365				2
2026.03.26	00:49:20.234		159.405			4
2026.03.26	00:49:25.041	159.364				2
2026.03.26	00:49:25.345	159.363	159.404			6
2026.03.26	00:49:30.450	159.364				2
2026.03.26	00:49:38.869	159.365	159.405			6
2026.03.26	00:49:39.173	159.364				2
2026.03.26	00:49:44.582		159.404			4
2026.03.26	00:49:48.796	159.365				2
2026.03.26	00:49:49.099		159.405			4
2026.03.26	00:49:50.902		159.404			4
2026.03.26	00:49:51.505	159.363				2
2026.03.26	00:49:51.806	159.364				2
2026.03.26	00:49:54.214	159.362	159.401			6
2026.03.26	00:49:54.512	159.363	159.402			6
2026.03.26	00:49:54.816	159.362				2
2026.03.26	00:49:57.818	159.360	159.400			6
2026.03.26	00:50:00.229	159.360				2
2026.03.26	00:50:01.730	159.358				2
2026.03.26	00:50:05.339	159.360				2
2026.03.26	00:50:08.354		159.399			4
2026.03.26	00:50:09.853		159.400			4
2026.03.26	00:50:11.362		159.399			4
2026.03.26	00:50:15.866	159.357				2
2026.03.26	00:50:16.466	159.358				2
2026.03.26	00:50:24.909	159.359				2
2026.03.26	00:50:25.208	159.360				2
2026.03.26	00:50:26.116		159.400			4
2026.03.26	00:50:27.921		159.399			4
2026.03.26	00:50:30.937		159.400			4
2026.03.26	00:50:32.134		159.399			4
2026.03.26	00:50:36.950	159.359				2
2026.03.26	00:50:38.152	159.360				2
2026.03.26	00:50:40.853	159.358				2
2026.03.26	00:50:47.765	159.360				2
2026.03.26	00:50:49.573	159.361				2
2026.03.26	00:50:50.783	159.360				2
2026.03.26	00:50:53.194	159.361				2
2026.03.26	00:50:53.495	159.360				2
2026.03.26	00:50:55.299	159.361				2
2026.03.26	00:51:00.125	159.361				2
2026.03.26	00:51:07.948	159.360				2
2026.03.26	00:51:10.055	159.361				2
2026.03.26	00:51:13.361	159.360				2
2026.03.26	00:51:15.160	159.361				2
2026.03.26	00:51:20.270	159.360				2
2026.03.26	00:51:25.401	159.359				2
2026.03.26	00:51:26.307		159.400			4
2026.03.26	00:51:27.508		159.399			4
2026.03.26	00:51:32.623	159.362	159.404			6
2026.03.26	00:51:32.921	159.361				2
2026.03.26	00:51:35.327	159.362				2
2026.03.26	00:51:49.464	159.361				2
2026.03.26	00:51:55.785	159.363	159.406			6
2026.03.26	00:51:56.086	159.366				2
2026.03.26	00:52:00.302	159.366				2
2026.03.26	00:52:04.518	159.365				2
2026.03.26	00:52:06.321	159.383	159.501			6
2026.03.26	00:52:06.623	159.380	159.504			6
2026.03.26	00:52:08.432	159.381				2
2026.03.26	00:52:08.732	159.385				2
2026.03.26	00:52:09.032	159.389				2
2026.03.26	00:52:09.634	159.385				2
2026.03.26	00:52:09.935	159.389				2
2026.03.26	00:52:11.137	159.388				2
2026.03.26	00:52:11.436	159.389				2
2026.03.26	00:52:12.639	159.388				2
2026.03.26	00:52:14.445	159.389				2
2026.03.26	00:52:16.549	159.390				2
2026.03.26	00:52:17.151		159.487			4
2026.03.26	00:52:18.053	159.391				2
2026.03.26	00:52:20.462	159.392				2
2026.03.26	00:52:21.660	159.390				2
2026.03.26	00:52:21.960	159.392				2
2026.03.26	00:52:22.560	159.394				2
2026.03.26	00:52:22.862	159.393				2
2026.03.26	00:52:23.165	159.394				2
2026.03.26	00:52:24.369	159.393				2
2026.03.26	00:52:28.278	159.395				2
2026.03.26	00:52:30.988	159.394				2
2026.03.26	00:52:36.405	159.397				2
2026.03.26	00:52:37.006	159.398				2
2026.03.26	00:52:37.300	159.399				2
2026.03.26	00:52:40.318	159.398				2
2026.03.26	00:52:40.618	159.397				2
2026.03.26	00:52:41.520	159.398				2
2026.03.26	00:52:42.422	159.400				2
2026.03.26	00:52:47.836		159.499			4
2026.03.26	00:52:49.044	159.401				2
2026.03.26	00:52:49.346	159.399				2
2026.03.26	00:52:49.641	159.401				2
2026.03.26	00:52:50.548	159.402				2
2026.03.26	00:52:52.952	159.401				2
2026.03.26	00:52:53.255	159.399				2
2026.03.26	00:52:53.557	159.400				2
2026.03.26	00:52:54.458	159.399				2
2026.03.26	00:52:54.754	159.400				2
2026.03.26	00:52:55.058	159.399				2
2026.03.26	00:52:55.356	159.398				2
2026.03.26	00:52:56.263	159.399	159.498			6
2026.03.26	00:52:58.363	159.409	159.496			6
2026.03.26	00:52:58.966	159.407				2
2026.03.26	00:53:00.170	159.407				2
2026.03.26	00:53:03.185	159.406	159.501			6
2026.03.26	00:53:03.489	159.407				2
2026.03.26	00:53:03.789	159.406				2
2026.03.26	00:53:04.088	159.405				2
2026.03.26	00:53:04.693	159.404				2
2026.03.26	00:53:04.998	159.405				2
2026.03.26	00:53:05.299	159.406				2
2026.03.26	00:53:05.901	159.407				2
2026.03.26	00:53:06.204	159.408				2
2026.03.26	00:53:07.414	159.409				2
2026.03.26	00:53:08.317	159.408				2
2026.03.26	00:53:08.617	159.410				2
2026.03.26	00:53:09.218	159.409				2
2026.03.26	00:53:10.120	159.408				2
2026.03.26	00:53:11.021	159.406				2
2026.03.26	00:53:11.322	159.408				2
2026.03.26	00:53:11.926	159.410				2
2026.03.26	00:53:12.529	159.412				2
2026.03.26	00:53:13.433	159.410				2
2026.03.26	00:53:13.735	159.411				2
2026.03.26	00:53:14.035	159.412				2
2026.03.26	00:53:15.841	159.413				2
2026.03.26	00:53:16.444	159.410				2
2026.03.26	00:53:16.744	159.415				2
2026.03.26	00:53:17.647	159.411				2
2026.03.26	00:53:18.248	159.413				2
2026.03.26	00:53:19.749	159.412				2
2026.03.26	00:53:20.049	159.413				2
2026.03.26	00:53:20.349	159.412				2
2026.03.26	00:53:20.651	159.413				2
2026.03.26	00:53:23.654	159.414				2
2026.03.26	00:53:24.256	159.413				2
2026.03.26	00:53:24.558	159.414				2
2026.03.26	00:53:26.059	159.413				2
2026.03.26	00:53:28.772	159.414				2
2026.03.26	00:53:29.073	159.413				2
2026.03.26	00:53:30.273		159.500			4
2026.03.26	00:53:34.190	159.412				2
2026.03.26	00:53:34.493	159.414				2
2026.03.26	00:53:35.094	159.413				2
2026.03.26	00:53:36.298	159.419				2
2026.03.26	00:53:36.599	159.420				2
2026.03.26	00:53:36.900	159.418				2
2026.03.26	00:53:37.201	159.417				2
2026.03.26	00:53:37.502	159.424	159.501			6
2026.03.26	00:53:38.646		159.500			4
2026.03.26	00:53:40.610	159.425				2
2026.03.26	00:53:41.218	159.426				2
2026.03.26	00:53:47.536	159.427				2
2026.03.26	00:53:47.836	159.426	159.476			6
2026.03.26	00:53:50.847	159.427				2
2026.03.26	00:53:51.148	159.428				2
2026.03.26	00:53:52.652	159.429				2
2026.03.26	00:53:55.960	159.430				2
2026.03.26	00:53:56.562	159.431				2
2026.03.26	00:53:59.568	159.432				2
2026.03.26	00:54:00.168	159.432				2
2026.03.26	00:54:01.373	159.435				2
2026.03.26	00:54:01.673	159.437				2
2026.03.26	00:54:03.790	159.435				2
2026.03.26	00:54:04.090	159.437				2
2026.03.26	00:54:06.496	159.436				2
2026.03.26	00:54:08.300	159.434				2
2026.03.26	00:54:09.728	159.435				2
2026.03.26	00:54:10.935	159.434				2
2026.03.26	00:54:11.761	159.435				2
2026.03.26	00:54:18.686	159.436	159.500			6
2026.03.26	00:54:18.986	159.439				2
2026.03.26	00:54:22.611	159.434				2
2026.03.26	00:54:35.430	159.436				2
2026.03.26	00:54:37.235	159.438				2
2026.03.26	00:54:37.840	159.437				2
2026.03.26	00:54:38.142	159.434				2
2026.03.26	00:54:39.572	159.436				2
2026.03.26	00:54:41.974	159.440				2
2026.03.26	00:54:44.686	159.441				2
2026.03.26	00:54:48.303	159.442				2
2026.03.26	00:55:00.038	159.442				2
2026.03.26	00:55:00.339	159.444	159.501			6
2026.03.26	00:55:00.639	159.443				2
2026.03.26	00:55:00.941	159.444				2
2026.03.26	00:55:01.544	159.443				2
2026.03.26	00:55:03.946		159.476			4
2026.03.26	00:55:04.847	159.444				2
2026.03.26	00:55:05.748	159.443				2
2026.03.26	00:55:08.152	159.440				2
2026.03.26	00:55:21.511	159.439				2
2026.03.26	00:55:35.057		159.499			4
2026.03.26	00:55:41.677		159.498			4
2026.03.26	00:55:41.974		159.500			4
2026.03.26	00:55:51.008		159.498			4
2026.03.26	00:55:51.609		159.499			4
2026.03.26	00:55:55.221		159.500			4
2026.03.26	00:55:57.927		159.476			4
2026.03.26	00:56:00.033	159.439				2
2026.03.26	00:56:28.924		159.480			4
2026.03.26	00:56:50.285		159.475			4
2026.03.26	00:56:53.295	159.441				2
2026.03.26	00:56:53.595	159.439				2
2026.03.26	00:56:55.697	159.441				2
2026.03.26	00:56:56.601	159.439				2
2026.03.26	00:57:00.215	159.439				2
2026.03.26	00:57:09.844	159.414	159.476			6
2026.03.26	00:57:10.747	159.413				2
2026.03.26	00:57:15.557	159.411	159.473			6
2026.03.26	00:57:20.065		159.470			4
2026.03.26	00:57:21.567	159.410				2
2026.03.26	00:57:21.869	159.411				2
2026.03.26	00:57:22.470	159.410				2
2026.03.26	00:57:36.032		159.471			4
2026.03.26	00:57:36.337	159.411	159.469			6
2026.03.26	00:57:38.442		159.470			4
2026.03.26	00:57:45.960		159.472			4
2026.03.26	00:57:48.060	159.412				2
2026.03.26	00:57:48.362	159.410	159.458			6
2026.03.26	00:57:50.463	159.411				2
2026.03.26	00:58:00.091	159.411				2
2026.03.26	00:58:00.397		159.457			4
2026.03.26	00:58:10.319	159.409	159.445			6
2026.03.26	00:58:21.155		159.444			4
2026.03.26	00:58:31.397	159.379	159.431			6
2026.03.26	00:58:31.701		159.430			4
2026.03.26	00:58:32.598	159.378				2
2026.03.26	00:58:32.903	159.380				2
2026.03.26	00:58:37.119	159.379				2
2026.03.26	00:58:37.418	159.378				2
2026.03.26	00:58:37.721	159.379				2
2026.03.26	00:58:38.621		159.431			4
2026.03.26	00:58:45.542	159.378	159.432			6
2026.03.26	00:58:45.837	159.380				2
2026.03.26	00:58:47.046		159.431			4
2026.03.26	00:58:50.058		159.435			4
2026.03.26	00:58:51.555	159.382				2
2026.03.26	00:58:52.458	159.375	159.423			6
2026.03.26	00:58:52.759	159.377				2
2026.03.26	00:58:53.065	159.376				2
2026.03.26	00:58:55.471	159.377				2
2026.03.26	00:58:55.769	159.379	159.434			6
2026.03.26	00:59:00.294	159.379				2
2026.03.26	00:59:03.000	159.372	159.421			6
2026.03.26	00:59:03.601	159.373				2
2026.03.26	00:59:04.503	159.372				2
2026.03.26	00:59:05.103	159.373				2
2026.03.26	00:59:05.404	159.372				2
2026.03.26	00:59:12.328	159.373				2
2026.03.26	00:59:13.829	159.374				2
2026.03.26	00:59:14.440	159.375				2
2026.03.26	00:59:14.736	159.377				2
2026.03.26	00:59:17.144	159.379	159.422			6
2026.03.26	00:59:18.047	159.380				2
2026.03.26	00:59:18.349	159.381				2
2026.03.26	00:59:18.650	159.382				2
2026.03.26	00:59:22.857	159.380				2
2026.03.26	00:59:25.264	159.381				2
2026.03.26	00:59:27.374	159.380				2
2026.03.26	00:59:28.874	159.387	159.424			6
2026.03.26	00:59:29.184	159.386	159.431			6
2026.03.26	00:59:31.898		159.430			4
2026.03.26	00:59:34.299		159.431			4
2026.03.26	00:59:35.205	159.385	159.432			6
2026.03.26	00:59:35.501	159.384				2
2026.03.26	00:59:35.803	159.385				2
2026.03.26	00:59:36.106	159.384				2
2026.03.26	00:59:39.116	159.385				2
2026.03.26	00:59:39.417	159.386	159.431			6
2026.03.26	00:59:40.021	159.385	159.432			6
2026.03.26	00:59:44.528		159.431			4
2026.03.26	00:59:49.047		159.430			4
2026.03.26	00:59:49.352	159.386	159.427			6
2026.03.26	00:59:50.257	159.385				2
2026.03.26	00:59:50.855		159.428			4
2026.03.26	00:59:52.054		159.430			4
2026.03.26	00:59:52.356	159.386				2
2026.03.26	00:59:57.470	159.389	159.445			6
2026.03.26	00:59:58.373	159.385	159.432			6
2026.03.26	00:59:59.575	159.384	159.424			6
2026.03.26	00:59:59.875	159.377	159.421			6
2026.03.26	01:00:00.176	159.378	159.425			6
2026.03.26	01:00:00.476	159.391	159.457			6
2026.03.26	01:00:00.775	159.392	159.458			6
2026.03.26	01:00:01.375	159.380	159.419			6
2026.03.26	01:00:01.678	159.381	159.420			6
2026.03.26	01:00:01.977	159.377	159.459			6
2026.03.26	01:00:02.276		159.456			4
2026.03.26	01:00:03.185	159.375	159.455			6
2026.03.26	01:00:03.479	159.377	159.458			6
2026.03.26	01:00:03.779	159.375	159.459			6
2026.03.26	01:00:04.078	159.381	159.434			6
2026.03.26	01:00:04.378	159.412	159.416			6
2026.03.26	01:00:04.679	159.413	159.418			6
2026.03.26	01:00:05.879	159.414	159.419			6
2026.03.26	01:00:06.780	159.413	159.418			6
2026.03.26	01:00:07.081	159.414	159.419			6
2026.03.26	01:00:08.282	159.413	159.418			6
2026.03.26	01:00:08.882	159.409	159.456			6
2026.03.26	01:00:09.182	159.408	159.453			6
2026.03.26	01:00:11.289	159.404				2
2026.03.26	01:00:11.589		159.455			4
2026.03.26	01:00:11.897	159.407	159.454			6
2026.03.26	01:00:12.189	159.406				2
2026.03.26	01:00:12.492	159.408				2
2026.03.26	01:00:13.696	159.406				2
2026.03.26	01:00:16.106	159.400				2
2026.03.26	01:00:17.309	159.404	159.453			6
2026.03.26	01:00:18.212	159.403				2
2026.03.26	01:00:18.814	159.402				2
2026.03.26	01:00:19.420	159.401	159.454			6
2026.03.26	01:00:21.229	159.403				2
2026.03.26	01:00:24.524	159.405				2
2026.03.26	01:00:25.125		159.453			4
2026.03.26	01:00:25.726	159.403				2
2026.03.26	01:00:26.025	159.404				2
2026.03.26	01:00:26.928	159.405				2
2026.03.26	01:00:27.831	159.414	159.455			6
2026.03.26	01:00:28.131	159.419	159.449			6
2026.03.26	01:00:28.430		159.452			4
2026.03.26	01:00:30.234	159.420				2
2026.03.26	01:00:36.236	159.419	159.451			6
2026.03.26	01:00:36.537	159.420	159.449			6
2026.03.26	01:00:41.646		159.438			4
2026.03.26	01:00:59.676	159.429	159.450			6
2026.03.26	01:01:00.281	159.444	159.445			6
2026.03.26	01:01:03.273	159.445	159.446			6
2026.03.26	01:01:03.573	159.444	159.445			6
2026.03.26	01:01:04.181	159.445	159.446			6
2026.03.26	01:01:04.474	159.444	159.445			6
2026.03.26	01:01:04.775	159.443	159.444			6
2026.03.26	01:01:05.974	159.444	159.445			6
2026.03.26	01:01:08.379	159.445	159.446			6
2026.03.26	01:01:11.386	159.454	159.455			6
2026.03.26	01:01:11.986	159.455	159.456			6
2026.03.26	01:01:13.184	159.456	159.457			6
2026.03.26	01:01:16.493	159.455	159.456			6
2026.03.26	01:01:17.697	159.456	159.457			6
2026.03.26	01:01:19.798	159.457	159.458			6
2026.03.26	01:01:21.904	159.456	159.457			6
2026.03.26	01:01:22.210	159.457	159.458			6
2026.03.26	01:01:24.321	159.456	159.457			6
2026.03.26	01:01:27.023	159.457	159.458			6
2026.03.26	01:01:36.642	159.458	159.459			6
2026.03.26	01:01:39.950	159.457	159.458			6
2026.03.26	01:01:40.246	159.456	159.457			6
2026.03.26	01:01:40.551	159.458	159.459			6
2026.03.26	01:01:43.551	159.459	159.460			6
2026.03.26	01:01:50.461	159.458	159.459			6
2026.03.26	01:01:59.473	159.459	159.460			6
2026.03.26	01:01:59.768	159.458	159.459			6
2026.03.26	01:02:00.067	159.458				2
2026.03.26	01:02:08.474	159.457	159.458			6
2026.03.26	01:02:09.079	159.458	159.459			6
2026.03.26	01:02:10.878	159.459	159.460			6
2026.03.26	01:02:13.884	159.458	159.459			6
2026.03.26	01:02:14.191	159.459	159.460			6
2026.03.26	01:02:22.605	159.460	159.461			6
2026.03.26	01:02:36.734	159.461	159.462			6
2026.03.26	01:02:37.640	159.460	159.461			6
2026.03.26	01:02:48.461	159.461	159.462			6
2026.03.26	01:02:49.965	159.460	159.461			6
2026.03.26	01:02:52.667	159.461	159.462			6
2026.03.26	01:02:57.175	159.460	159.461			6
2026.03.26	01:03:00.184	159.459	159.460			6
2026.03.26	01:03:00.477	159.458	159.459			6
2026.03.26	01:03:01.385	159.455	159.456			6
2026.03.26	01:04:00.277	159.455				2
2026.03.26	01:04:01.481		159.456			4
2026.03.26	01:04:11.421	159.454	159.455			6
2026.03.26	01:04:11.718	159.455	159.456			6
2026.03.26	01:04:12.018	159.454	159.455			6
2026.03.26	01:04:12.318	159.455	159.456			6
2026.03.26	01:04:12.619	159.454	159.455			6
2026.03.26	01:04:14.121	159.455	159.456			6
2026.03.26	01:04:15.025	159.454	159.455			6
2026.03.26	01:04:24.340	159.455	159.456			6
2026.03.26	01:04:26.442	159.454	159.455			6
2026.03.26	01:04:28.846	159.455	159.456			6
2026.03.26	01:04:37.252	159.454	159.455			6
2026.03.26	01:04:41.759	159.455	159.456			6
2026.03.26	01:05:00.090	159.455				2
2026.03.26	01:05:00.398	159.462	159.463			6
2026.03.26	01:05:00.688	159.461	159.462			6
2026.03.26	01:05:01.289	159.456	159.457			6
2026.03.26	01:05:01.892	159.457	159.458			6
2026.03.26	01:05:02.492	159.456	159.457			6
2026.03.26	01:05:03.699	159.455	159.456			6
2026.03.26	01:05:07.302	159.456	159.457			6
2026.03.26	01:05:11.804	159.455	159.456			6
2026.03.26	01:05:37.649	159.454	159.455			6
2026.03.26	01:05:39.146	159.455	159.456			6
2026.03.26	01:05:46.056	159.454	159.455			6
2026.03.26	01:05:55.066	159.439	159.440			6
2026.03.26	01:05:55.962	159.438	159.439			6
2026.03.26	01:05:56.270	159.440	159.441			6
2026.03.26	01:05:57.169	159.441	159.442			6
2026.03.26	01:06:00.177	159.441				2
2026.03.26	01:06:17.913	159.446	159.447			6
2026.03.26	01:06:18.212	159.436	159.437			6
2026.03.26	01:06:18.509	159.439	159.440			6
2026.03.26	01:06:18.811	159.440	159.441			6
2026.03.26	01:06:19.108	159.442	159.443			6
2026.03.26	01:06:19.416	159.443	159.444			6
2026.03.26	01:06:20.017	159.442	159.443			6
2026.03.26	01:06:53.391	159.434	159.435			6
2026.03.26	01:07:00.023	159.433	159.434			6
2026.03.26	01:07:20.452	159.432	159.433			6
2026.03.26	01:07:24.353	159.433	159.434			6
2026.03.26	01:07:28.854	159.432	159.433			6
2026.03.26	01:07:37.578	159.433	159.434			6
2026.03.26	01:07:52.002	159.432	159.433			6
2026.03.26	01:07:53.811	159.433	159.434			6
2026.03.26	01:08:00.126	159.433				2
2026.03.26	01:08:03.124	159.432	159.433			6
2026.03.26	01:08:09.438	159.433	159.434			6
2026.03.26	01:08:19.365	159.432	159.433			6
2026.03.26	01:08:38.603	159.434	159.435			6
2026.03.26	01:08:42.806	159.440	159.441			6
2026.03.26	01:08:44.918	159.441	159.442			6
2026.03.26	01:08:45.215	159.440	159.441			6
2026.03.26	01:08:46.421	159.441	159.442			6
2026.03.26	01:08:47.019	159.440	159.441			6
2026.03.26	01:08:50.318	159.439	159.440			6
2026.03.26	01:08:51.525	159.440	159.441			6
2026.03.26	01:09:00.227	159.440				2
2026.03.26	01:09:04.135	159.439	159.440			6
2026.03.26	01:09:04.438	159.438	159.439			6
2026.03.26	01:09:05.635	159.439	159.440			6
2026.03.26	01:09:06.241	159.440	159.441			6
2026.03.26	01:09:08.341	159.438	159.439			6
2026.03.26	01:09:08.640	159.439	159.440			6
2026.03.26	01:09:11.047	159.436	159.437			6
2026.03.26	01:09:11.346	159.437	159.438			6
2026.03.26	01:09:11.944	159.438	159.439			6
2026.03.26	01:09:12.849	159.439	159.440			6
2026.03.26	01:09:13.452	159.438	159.439			6
2026.03.26	01:09:17.350	159.439	159.440			6
2026.03.26	01:09:18.856	159.440	159.441			6
2026.03.26	01:09:23.968	159.439	159.440			6
2026.03.26	01:09:25.461	159.440	159.441			6
2026.03.26	01:09:26.363	159.439	159.440			6
2026.03.26	01:09:27.865	159.440	159.441			6
2026.03.26	01:09:38.080	159.439	159.440			6
2026.03.26	01:09:38.376	159.440	159.441			6
2026.03.26	01:09:41.396	159.441	159.442			6
2026.03.26	01:09:42.288	159.440	159.441			6
2026.03.26	01:10:00.051	159.440				2
2026.03.26	01:10:02.443	159.441	159.442			6
2026.03.26	01:10:03.945	159.439	159.440			6
2026.03.26	01:10:05.449	159.440	159.441			6
2026.03.26	01:10:05.750	159.441	159.442			6
2026.03.26	01:10:06.649	159.440	159.441			6
2026.03.26	01:10:09.056	159.441	159.442			6
2026.03.26	01:10:09.355	159.440	159.441			6
2026.03.26	01:10:10.553	159.441	159.442			6
2026.03.26	01:10:25.578	159.440	159.441			6
2026.03.26	01:10:25.878	159.441	159.442			6
2026.03.26	01:10:28.879	159.440	159.441			6
2026.03.26	01:10:29.482	159.441	159.442			6
2026.03.26	01:10:31.285	159.440	159.441			6
2026.03.26	01:10:50.223	159.438	159.439			6
2026.03.26	01:10:50.827	159.439	159.440			6
2026.03.26	01:10:51.124	159.436	159.437			6
2026.03.26	01:10:52.026	159.439	159.440			6
2026.03.26	01:10:54.730	159.438	159.439			6
2026.03.26	01:10:55.032	159.439	159.440			6
2026.03.26	01:11:00.138	159.439				2
2026.03.26	01:11:03.752	159.440	159.441			6
2026.03.26	01:11:04.353	159.439	159.440			6
2026.03.26	01:11:05.859	159.440	159.441			6
2026.03.26	01:11:07.360	159.439	159.440			6
2026.03.26	01:11:08.261	159.440	159.441			6
2026.03.26	01:11:09.161	159.439	159.440			6
2026.03.26	01:11:09.766	159.440	159.441			6
2026.03.26	01:11:12.171	159.439	159.440			6
2026.03.26	01:11:13.972	159.440	159.441			6
2026.03.26	01:11:15.778	159.438	159.439			6
2026.03.26	01:11:16.074	159.439	159.440			6
2026.03.26	01:11:18.479	159.440	159.441			6
2026.03.26	01:11:25.691	159.439	159.440			6
2026.03.26	01:11:27.197	159.440	159.441			6
2026.03.26	01:11:32.606	159.439	159.440			6
2026.03.26	01:11:41.027	159.433	159.434			6
2026.03.26	01:11:41.626	159.429	159.430			6
2026.03.26	01:11:42.826	159.428	159.429			6
2026.03.26	01:11:44.926	159.427	159.428			6
2026.03.26	01:11:56.052	159.428	159.429			6
2026.03.26	01:12:00.251	159.428				2
2026.03.26	01:12:07.465	159.427	159.428			6
2026.03.26	01:12:07.762	159.428	159.429			6
2026.03.26	01:12:08.063	159.426	159.427			6
2026.03.26	01:12:10.465	159.427	159.428			6
2026.03.26	01:12:10.765	159.426	159.427			6
2026.03.26	01:12:14.374	159.427	159.428			6
2026.03.26	01:12:22.479	159.426	159.427			6
2026.03.26	01:13:00.062	159.426				2
2026.03.26	01:13:01.864	159.428	159.429			6
2026.03.26	01:13:02.160	159.429	159.430			6
2026.03.26	01:13:04.578	159.433	159.434			6
2026.03.26	01:13:04.868	159.439	159.440			6
2026.03.26	01:13:06.371		159.441			4
2026.03.26	01:13:09.378	159.440				2
2026.03.26	01:13:13.888	159.441	159.442			6
2026.03.26	01:13:15.085	159.440	159.441			6
2026.03.26	01:13:35.547	159.439	159.440			6
2026.03.26	01:13:36.742	159.440	159.441			6
2026.03.26	01:13:39.149	159.439	159.440			6
2026.03.26	01:13:41.256	159.440	159.441			6
2026.03.26	01:13:42.752	159.439	159.440			6
2026.03.26	01:13:43.354	159.440	159.441			6
2026.03.26	01:13:49.966	159.441	159.442			6
2026.03.26	01:13:56.877	159.439	159.440			6
2026.03.26	01:13:57.176	159.438	159.439			6
2026.03.26	01:13:58.975	159.439	159.440			6
2026.03.26	01:14:00.178	159.439				2
2026.03.26	01:14:04.084	159.438	159.439			6
2026.03.26	01:14:07.399	159.439	159.440			6
2026.03.26	01:14:19.125	159.440	159.441			6
2026.03.26	01:14:25.742	159.439	159.440			6
2026.03.26	01:14:35.357	159.440	159.441			6
2026.03.26	01:15:00.294	159.440				2
2026.03.26	01:15:28.852	159.439	159.440			6
2026.03.26	01:15:42.067	159.440	159.441			6
2026.03.26	01:15:42.965	159.439	159.440			6
2026.03.26	01:15:43.571	159.440	159.441			6
2026.03.26	01:15:47.774	159.443	159.444			6
2026.03.26	01:15:48.075	159.442	159.443			6
2026.03.26	01:15:50.176	159.443	159.444			6
2026.03.26	01:15:54.989	159.442	159.443			6
2026.03.26	01:15:59.193	159.452	159.453			6
2026.03.26	01:15:59.498	159.454	159.455			6
2026.03.26	01:15:59.793	159.455	159.456			6
2026.03.26	01:16:00.092	159.453				2
2026.03.26	01:16:03.401		159.455			4
2026.03.26	01:16:05.502		159.456			4
2026.03.26	01:16:10.319	159.454				2
2026.03.26	01:16:11.823	159.453	159.455			6
2026.03.26	01:16:12.120	159.454	159.456			6
2026.03.26	01:16:35.250	159.455				2
2026.03.26	01:16:41.266	159.454	159.455			6
2026.03.26	01:16:43.368	159.455	159.456			6
2026.03.26	01:16:49.075	159.454	159.455			6
2026.03.26	01:16:49.379	159.455	159.456			6
2026.03.26	01:16:50.286	159.454	159.455			6
2026.03.26	01:16:58.389	159.453	159.454			6
2026.03.26	01:17:00.204	159.453				2
2026.03.26	01:17:00.500	159.454	159.455			6
2026.03.26	01:17:01.701	159.453	159.454			6
2026.03.26	01:17:02.295	159.454	159.455			6
2026.03.26	01:17:02.600	159.453	159.454			6
2026.03.26	01:17:04.402	159.463	159.464			6
2026.03.26	01:17:04.703	159.466	159.467			6
2026.03.26	01:17:05.297	159.464	159.468			6
2026.03.26	01:17:05.897	159.465	159.469			6
2026.03.26	01:17:09.228		159.468			4
2026.03.26	01:17:10.426		159.467			4
2026.03.26	01:17:12.542	159.464				2
2026.03.26	01:17:13.148	159.465				2
2026.03.26	01:17:13.745	159.463	159.466			6
2026.03.26	01:17:14.047	159.462	159.465			6
2026.03.26	01:17:14.344	159.463	159.466			6
2026.03.26	01:17:14.948	159.464	159.467			6
2026.03.26	01:17:15.847	159.463	159.466			6
2026.03.26	01:17:17.951	159.464	159.467			6
2026.03.26	01:17:19.751	159.463	159.466			6
2026.03.26	01:17:29.369	159.464				2
2026.03.26	01:17:32.968	159.463	159.465			6
2026.03.26	01:17:33.271	159.464	159.466			6
2026.03.26	01:17:40.176	159.463	159.465			6
2026.03.26	01:17:43.783	159.464	159.466			6
2026.03.26	01:17:44.083	159.463	159.465			6
2026.03.26	01:17:48.296	159.464				2
2026.03.26	01:17:58.220	159.462	159.463			6
2026.03.26	01:17:58.820	159.463	159.464			6
2026.03.26	01:18:00.022	159.463				2
2026.03.26	01:18:02.126	159.464	159.465			6
2026.03.26	01:18:03.630	159.463	159.464			6
2026.03.26	01:18:04.528	159.464	159.465			6
2026.03.26	01:18:05.426	159.465	159.466			6
2026.03.26	01:18:06.326	159.464	159.465			6
2026.03.26	01:18:07.228	159.465	159.466			6
2026.03.26	01:18:07.527	159.464	159.465			6
2026.03.26	01:18:14.440	159.465	159.466			6
2026.03.26	01:18:14.737	159.464	159.465			6
2026.03.26	01:18:15.038	159.465	159.466			6
2026.03.26	01:18:17.439	159.463	159.464			6
2026.03.26	01:18:47.479	159.462	159.463			6
2026.03.26	01:18:47.780	159.463	159.464			6
2026.03.26	01:18:53.189	159.462	159.463			6
2026.03.26	01:19:00.105	159.462				2
2026.03.26	01:19:00.712	159.463	159.464			6
2026.03.26	01:19:27.171	159.464	159.465			6
2026.03.26	01:19:33.776	159.463	159.464			6
2026.03.26	01:19:37.986	159.462	159.463			6
2026.03.26	01:19:38.284	159.463	159.464			6
2026.03.26	01:19:41.892	159.462	159.463			6
2026.03.26	01:19:42.186	159.463	159.464			6
2026.03.26	01:19:52.112	159.462	159.463			6
2026.03.26	01:19:52.413	159.463	159.464			6
2026.03.26	01:20:00.244	159.463				2
2026.03.26	01:20:01.441	159.464	159.465			6
2026.03.26	01:20:04.443	159.463	159.464			6
2026.03.26	01:20:16.158	159.464	159.465			6
2026.03.26	01:20:17.961	159.463	159.464			6
2026.03.26	01:20:20.071	159.464	159.465			6
2026.03.26	01:20:21.275	159.463	159.464			6
2026.03.26	01:20:48.925	159.462	159.463			6
2026.03.26	01:20:49.226	159.463	159.464			6
2026.03.26	01:20:50.137	159.462	159.463			6
2026.03.26	01:20:51.031	159.455	159.456			6
2026.03.26	01:20:51.337	159.451	159.452			6
2026.03.26	01:20:52.235	159.449	159.454			6
2026.03.26	01:20:53.139	159.450				2
2026.03.26	01:20:53.739	159.451				2
2026.03.26	01:20:55.546	159.450	159.453			6
2026.03.26	01:20:56.755	159.449				2
2026.03.26	01:20:57.050	159.450				2
2026.03.26	01:21:00.059	159.450				2
2026.03.26	01:21:00.353	159.449	159.451			6
2026.03.26	01:21:05.161	159.450				2
2026.03.26	01:21:12.071	159.451	159.454			6
2026.03.26	01:21:12.372		159.452			4
2026.03.26	01:21:12.975	159.450				2
2026.03.26	01:21:17.785		159.451			4
2026.03.26	01:21:20.491	159.449	159.452			6
2026.03.26	01:21:20.789	159.450				2
2026.03.26	01:21:27.111	159.449				2
2026.03.26	01:21:29.215	159.450				2
2026.03.26	01:21:30.722		159.451			4
2026.03.26	01:21:44.245	159.451	159.452			6
2026.03.26	01:21:54.758	159.452	159.453			6
2026.03.26	01:21:57.159	159.453	159.454			6
2026.03.26	01:21:58.061	159.452	159.453			6
2026.03.26	01:21:59.566	159.453	159.454			6
2026.03.26	01:21:59.869	159.452	159.453			6
2026.03.26	01:22:00.168	159.452				2
2026.03.26	01:22:00.472	159.453	159.454			6
2026.03.26	01:22:10.993	159.452	159.453			6
2026.03.26	01:22:12.195	159.453	159.454			6
2026.03.26	01:22:18.814	159.452	159.453			6
2026.03.26	01:22:25.434	159.453	159.454			6
2026.03.26	01:22:26.339	159.452	159.453			6
2026.03.26	01:22:27.842	159.453	159.454			6
2026.03.26	01:22:41.065	159.452	159.453			6
2026.03.26	01:22:42.269	159.453	159.454			6
2026.03.26	01:22:42.571	159.452	159.453			6
2026.03.26	01:23:00.004	159.452				2
2026.03.26	01:23:02.111	159.453	159.454			6
2026.03.26	01:23:02.711	159.452	159.453			6
2026.03.26	01:23:04.218	159.453	159.454			6
2026.03.26	01:23:08.726	159.451	159.452			6
2026.03.26	01:23:09.626	159.453	159.454			6
2026.03.26	01:23:13.231	159.452	159.453			6
2026.03.26	01:23:14.735	159.451	159.452			6
2026.03.26	01:23:18.343	159.452	159.453			6
2026.03.26	01:23:31.269	159.453	159.454			6
2026.03.26	01:23:42.094	159.452	159.453			6
2026.03.26	01:23:44.197	159.453	159.454			6
2026.03.26	01:23:50.521	159.452	159.453			6
2026.03.26	01:23:54.722	159.453	159.454			6
2026.03.26	01:24:00.136	159.453				2
2026.03.26	01:24:06.149	159.454	159.455			6
2026.03.26	01:24:06.749	159.453	159.454			6
2026.03.26	01:24:07.650	159.454	159.455			6
2026.03.26	01:24:09.449	159.453	159.454			6
2026.03.26	01:24:10.350	159.451	159.452			6
2026.03.26	01:24:10.650	159.452	159.453			6
2026.03.26	01:24:11.551	159.453	159.454			6
2026.03.26	01:24:13.057	159.452	159.453			6
2026.03.26	01:24:13.355	159.453	159.454			6
2026.03.26	01:24:16.665	159.452	159.453			6
2026.03.26	01:24:16.957	159.453	159.454			6
2026.03.26	01:24:30.500	159.452	159.453			6
2026.03.26	01:24:33.800	159.453	159.454			6
2026.03.26	01:24:56.946	159.451	159.452			6
2026.03.26	01:24:57.550	159.453	159.454			6
2026.03.26	01:25:00.256	159.453				2
2026.03.26	01:25:03.557	159.451	159.452			6
2026.03.26	01:25:03.857	159.452	159.453			6
2026.03.26	01:25:04.758	159.453	159.454			6
2026.03.26	01:25:14.378	159.454	159.455			6
2026.03.26	01:25:14.675	159.455	159.456			6
2026.03.26	01:25:15.575	159.454	159.455			6
2026.03.26	01:25:19.190	159.455	159.456			6
2026.03.26	01:25:23.112	159.454	159.455			6
2026.03.26	01:25:24.608	159.455	159.456			6
2026.03.26	01:25:30.323	159.464	159.465			6
2026.03.26	01:25:31.221	159.465	159.466			6
2026.03.26	01:25:32.724	159.464	159.465			6
2026.03.26	01:25:54.662	159.463	159.464			6
2026.03.26	01:26:00.066	159.463				2
2026.03.26	01:26:21.737	159.464	159.465			6
2026.03.26	01:26:22.935	159.465	159.466			6
2026.03.26	01:26:28.344	159.464	159.465			6
2026.03.26	01:26:30.147	159.465	159.466			6
2026.03.26	01:26:30.746	159.455	159.456			6
2026.03.26	01:26:31.043	159.457	159.458			6
2026.03.26	01:26:32.247	159.455	159.459			6
2026.03.26	01:26:34.352	159.461	159.465			6
2026.03.26	01:26:35.250	159.460				2
2026.03.26	01:26:37.357	159.461				2
2026.03.26	01:26:41.563	159.460				2
2026.03.26	01:26:43.366	159.461				2
2026.03.26	01:26:55.085	159.458	159.463			6
2026.03.26	01:26:55.683	159.460	159.465			6
2026.03.26	01:26:56.288	159.461				2
2026.03.26	01:26:56.889	159.462				2
2026.03.26	01:26:58.400		159.466			4
2026.03.26	01:27:00.209	159.462				2
2026.03.26	01:27:02.917	159.463				2
2026.03.26	01:27:13.747		159.465			4
2026.03.26	01:27:14.953		159.464			4
2026.03.26	01:27:16.154		159.465			4
2026.03.26	01:27:20.663	159.464				2
2026.03.26	01:27:22.164		159.466			4
2026.03.26	01:27:22.765	159.465	159.467			6
2026.03.26	01:27:25.773	159.464	159.466			6
2026.03.26	01:27:29.096	159.465				2
2026.03.26	01:27:37.225	159.466	159.467			6
2026.03.26	01:27:38.429	159.465	159.466			6
2026.03.26	01:27:46.845	159.466	159.467			6
2026.03.26	01:27:48.044	159.465	159.466			6
2026.03.26	01:27:48.946	159.466	159.467			6
2026.03.26	01:27:52.254	159.465	159.466			6
2026.03.26	01:28:00.068	159.465				2
2026.03.26	01:28:14.502	159.466	159.467			6
2026.03.26	01:28:15.104	159.465	159.466			6
2026.03.26	01:28:15.411	159.466	159.467			6
2026.03.26	01:28:28.648	159.465	159.466			6
2026.03.26	01:28:40.660	159.464	159.465			6
2026.03.26	01:28:44.265	159.465	159.466			6
2026.03.26	01:28:45.466	159.456	159.457			6
2026.03.26	01:28:45.768	159.462	159.463			6
2026.03.26	01:28:46.066	159.463	159.464			6
2026.03.26	01:28:46.966	159.464	159.465			6
2026.03.26	01:29:00.196	159.464				2
2026.03.26	01:29:00.497	159.454	159.455			6
2026.03.26	01:29:00.800	159.455	159.456			6
2026.03.26	01:29:01.101	159.453	159.454			6
2026.03.26	01:29:01.402	159.451	159.455			6
2026.03.26	01:29:06.524	159.452				2
2026.03.26	01:29:07.126	159.451	159.453			6
2026.03.26	01:29:16.145	159.452				2
2026.03.26	01:29:17.048		159.454			4
2026.03.26	01:29:25.158	159.453				2
2026.03.26	01:29:27.860	159.452				2
2026.03.26	01:29:33.269	159.453				2
2026.03.26	01:29:35.975	159.452				2
2026.03.26	01:29:41.104		159.453			4
2026.03.26	01:29:47.726	159.450	159.451			6
2026.03.26	01:29:48.020	159.452	159.453			6
2026.03.26	01:29:51.931	159.450	159.451			6
2026.03.26	01:30:00.045	159.450				2
2026.03.26	01:30:00.350	159.452	159.453			6
2026.03.26	01:30:00.645	159.451	159.452			6
2026.03.26	01:30:01.252	159.452	159.453			6
2026.03.26	01:30:10.263	159.450	159.451			6
2026.03.26	01:30:13.262	159.449	159.450			6
2026.03.26	01:30:15.364	159.450	159.451			6
2026.03.26	01:30:16.571	159.451	159.452			6
2026.03.26	01:30:16.872	159.449	159.450			6
2026.03.26	01:30:17.169	159.450	159.451			6
2026.03.26	01:30:18.373	159.449				2
2026.03.26	01:30:19.276	159.450				2
2026.03.26	01:30:20.780	159.451	159.452			6
2026.03.26	01:30:21.375		159.453			4
2026.03.26	01:30:21.980	159.452				2
2026.03.26	01:30:29.796	159.465	159.466			6
2026.03.26	01:30:30.095	159.462	159.468			6
2026.03.26	01:30:39.121	159.459	159.465			6
2026.03.26	01:30:40.624	159.460				2
2026.03.26	01:30:43.623	159.452	159.457			6
2026.03.26	01:30:43.922	159.451				2
2026.03.26	01:30:44.523		159.458			4
2026.03.26	01:30:46.928	159.452	159.460			6
2026.03.26	01:30:47.531	159.451	159.459			6
2026.03.26	01:30:49.939	159.452				2
2026.03.26	01:30:54.451	159.451				2
2026.03.26	01:30:55.058	159.452				2
2026.03.26	01:30:59.261	159.451				2
2026.03.26	01:31:00.167	159.451				2
2026.03.26	01:31:00.761	159.452				2
2026.03.26	01:31:06.767	159.448	159.455			6
2026.03.26	01:31:07.373		159.453			4
2026.03.26	01:31:08.274	159.447				2
2026.03.26	01:31:11.879	159.448				2
2026.03.26	01:31:16.986	159.447				2
2026.03.26	01:31:18.185	159.448				2
2026.03.26	01:31:34.130		159.455			4
2026.03.26	01:31:36.533	159.449				2
2026.03.26	01:31:47.351		159.454			4
2026.03.26	01:31:48.254	159.450	159.455			6
2026.03.26	01:31:50.651	159.449	159.454			6
2026.03.26	01:31:56.359	159.450				2
2026.03.26	01:31:57.264	159.449	159.453			6
2026.03.26	01:32:00.265	159.449				2
2026.03.26	01:32:01.162	159.450	159.454			6
2026.03.26	01:32:07.170		159.453			4
2026.03.26	01:32:15.293	159.451				2
2026.03.26	01:32:19.510	159.452	159.454			6
2026.03.26	01:32:21.012	159.451	159.453			6
2026.03.26	01:32:23.117	159.452				2
2026.03.26	01:32:28.227	159.453	159.454			6
2026.03.26	01:32:33.632	159.452	159.453			6
2026.03.26	01:32:34.529	159.451	159.452			6
2026.03.26	01:32:34.829	159.452	159.453			6
2026.03.26	01:32:35.432	159.451	159.452			6
2026.03.26	01:32:41.139	159.452	159.453			6
2026.03.26	01:32:47.743	159.453	159.454			6
2026.03.26	01:32:48.348	159.452	159.453			6
2026.03.26	01:32:50.746	159.453	159.454			6
2026.03.26	01:32:53.149	159.452	159.453			6
2026.03.26	01:32:53.753	159.453	159.454			6
2026.03.26	01:32:54.350	159.452	159.453			6
2026.03.26	01:33:00.068	159.452				2
2026.03.26	01:33:13.578	159.451	159.452			6
2026.03.26	01:33:42.449	159.450	159.451			6
2026.03.26	01:34:00.176	159.450				2
2026.03.26	01:34:16.407	159.449	159.450			6
2026.03.26	01:34:16.703	159.450	159.451			6
2026.03.26	01:34:42.856	159.451	159.452			6
2026.03.26	01:34:43.152	159.452	159.453			6
2026.03.26	01:34:57.584	159.451	159.452			6
2026.03.26	01:34:59.388	159.452	159.453			6
2026.03.26	01:35:00.296	159.452				2
2026.03.26	01:35:08.717	159.451	159.452			6
2026.03.26	01:35:12.016	159.452	159.453			6
2026.03.26	01:35:19.531	159.451	159.452			6
2026.03.26	01:35:21.030	159.452	159.453			6
2026.03.26	01:35:21.629	159.451	159.452			6
2026.03.26	01:35:24.340	159.452	159.453			6
2026.03.26	01:35:24.638	159.451	159.452			6
2026.03.26	01:35:27.338	159.452	159.453			6
2026.03.26	01:35:29.145	159.451	159.452			6
2026.03.26	01:35:31.250	159.452	159.453			6
2026.03.26	01:35:31.546	159.451	159.452			6
2026.03.26	01:35:31.845	159.452	159.453			6
2026.03.26	01:35:32.148	159.451	159.452			6
2026.03.26	01:35:32.447	159.452	159.453			6
2026.03.26	01:35:33.056	159.451	159.452			6
2026.03.26	01:35:33.353	159.452	159.453			6
2026.03.26	01:35:35.751	159.451	159.452			6
2026.03.26	01:35:37.554	159.452	159.453			6
2026.03.26	01:36:00.091	159.452				2
2026.03.26	01:36:10.612	159.451	159.452			6
2026.03.26	01:36:11.215	159.452	159.453			6
2026.03.26	01:36:13.928	159.453	159.454			6
2026.03.26	01:36:18.131	159.454	159.455			6
2026.03.26	01:36:37.960	159.453	159.454			6
2026.03.26	01:36:47.574	159.454	159.455			6
2026.03.26	01:37:00.208	159.454				2
2026.03.26	01:37:16.725	159.453	159.454			6
2026.03.26	01:37:17.023	159.454	159.455			6
2026.03.26	01:37:29.941	159.453	159.454			6
2026.03.26	01:37:41.660	159.454	159.455			6
2026.03.26	01:37:41.960	159.453	159.454			6
2026.03.26	01:37:43.768	159.454	159.455			6
2026.03.26	01:37:44.370	159.453	159.454			6
2026.03.26	01:37:46.175	159.452	159.453			6
2026.03.26	01:37:46.478	159.454	159.455			6
2026.03.26	01:37:47.075	159.453	159.454			6
2026.03.26	01:37:47.377	159.454	159.455			6
2026.03.26	01:37:48.889	159.453	159.454			6
2026.03.26	01:37:49.189	159.454	159.455			6
2026.03.26	01:37:54.003	159.453	159.454			6
2026.03.26	01:37:54.308	159.454	159.455			6
2026.03.26	01:38:00.028	159.454				2
2026.03.26	01:38:12.044	159.453	159.454			6
2026.03.26	01:38:12.345	159.454	159.455			6
2026.03.26	01:38:17.154	159.453	159.454			6
2026.03.26	01:38:19.259	159.452	159.453			6
2026.03.26	01:38:20.154	159.453	159.454			6
2026.03.26	01:38:21.660	159.452	159.453			6
2026.03.26	01:38:27.662	159.453	159.454			6
2026.03.26	01:38:39.983	159.454	159.455			6
2026.03.26	01:38:45.706	159.453	159.454			6
2026.03.26	01:38:46.000	159.454	159.455			6
2026.03.26	01:39:00.143	159.454				2
2026.03.26	01:39:04.950	159.453	159.454			6
2026.03.26	01:40:00.283	159.453				2
2026.03.26	01:40:05.089		159.454			4
2026.03.26	01:40:36.051	159.454	159.455			6
2026.03.26	01:40:40.858	159.452	159.453			6
2026.03.26	01:40:43.270	159.451	159.452			6
2026.03.26	01:40:51.075	159.440	159.441			6
2026.03.26	01:40:51.382	159.441	159.442			6
2026.03.26	01:40:52.275	159.437	159.441			6
2026.03.26	01:40:52.577	159.436				2
2026.03.26	01:40:52.876	159.437				2
2026.03.26	01:40:54.078	159.435				2
2026.03.26	01:41:00.089	159.435				2
2026.03.26	01:41:00.394	159.437				2
2026.03.26	01:41:02.192	159.435				2
2026.03.26	01:41:12.427	159.436				2
2026.03.26	01:41:33.463	159.437				2
2026.03.26	01:41:37.975	159.436				2
2026.03.26	01:41:38.275	159.437				2
2026.03.26	01:41:44.596	159.436				2
2026.03.26	01:41:44.893	159.437				2
2026.03.26	01:41:47.604	159.436				2
2026.03.26	01:41:48.206	159.437				2
2026.03.26	01:41:50.306	159.436				2
2026.03.26	01:41:52.409		159.441			4
2026.03.26	01:41:54.218	159.437				2
2026.03.26	01:41:58.720	159.435	159.439			6
2026.03.26	01:42:00.221	159.435				2
2026.03.26	01:42:01.427		159.438			4
2026.03.26	01:42:13.449	159.424	159.427			6
2026.03.26	01:42:14.350	159.421				2
2026.03.26	01:42:14.649	159.422				2
2026.03.26	01:42:15.257	159.421				2
2026.03.26	01:42:19.456		159.428			4
2026.03.26	01:42:28.466	159.422	159.429			6
2026.03.26	01:42:33.270	159.423				2
2026.03.26	01:42:33.871	159.422				2
2026.03.26	01:42:34.173	159.423				2
2026.03.26	01:42:34.472	159.422				2
2026.03.26	01:42:35.075	159.423				2
2026.03.26	01:42:37.178	159.422				2
2026.03.26	01:42:37.474	159.423				2
2026.03.26	01:42:38.679	159.422				2
2026.03.26	01:42:39.577	159.423				2
2026.03.26	01:42:42.582	159.428				2
2026.03.26	01:42:42.887	159.422	159.427			6
2026.03.26	01:42:43.180	159.421				2
2026.03.26	01:42:43.480	159.422				2
2026.03.26	01:42:43.779	159.421				2
2026.03.26	01:42:44.380	159.422				2
2026.03.26	01:42:44.686	159.421				2
2026.03.26	01:42:45.584	159.422				2
2026.03.26	01:42:45.885	159.421				2
2026.03.26	01:42:46.186	159.422				2
2026.03.26	01:42:46.787	159.421				2
2026.03.26	01:43:00.006	159.421				2
2026.03.26	01:43:01.209	159.422				2
2026.03.26	01:43:02.412	159.421				2
2026.03.26	01:43:05.125	159.417	159.421			6
2026.03.26	01:43:05.421	159.410	159.414			6
2026.03.26	01:43:06.327	159.409				2
2026.03.26	01:43:12.650	159.408				2
2026.03.26	01:43:12.952	159.406	159.413			6
2026.03.26	01:43:13.247	159.407	159.414			6
2026.03.26	01:43:20.764	159.401	159.407			6
2026.03.26	01:43:21.062	159.405	159.413			6
2026.03.26	01:43:21.358	159.406				2
2026.03.26	01:43:22.259	159.405				2
2026.03.26	01:43:22.561		159.407			4
2026.03.26	01:43:22.867	159.401	159.406			6
2026.03.26	01:43:23.763	159.400				2
2026.03.26	01:43:24.063	159.401				2
2026.03.26	01:43:31.274	159.402				2
2026.03.26	01:43:33.385	159.401				2
2026.03.26	01:43:33.680	159.402	159.409			6
2026.03.26	01:43:34.887		159.410			4
2026.03.26	01:43:37.290		159.409			4
2026.03.26	01:43:41.508	159.408	159.414			6
2026.03.26	01:43:43.611	159.409				2
2026.03.26	01:43:44.818	159.408				2
2026.03.26	01:43:45.724	159.409				2
2026.03.26	01:43:46.020	159.408				2
2026.03.26	01:43:48.119	159.403	159.411			6
2026.03.26	01:43:48.419	159.401	159.409			6
2026.03.26	01:43:48.719	159.400				2
2026.03.26	01:43:49.020	159.401				2
2026.03.26	01:43:49.320		159.408			4
2026.03.26	01:43:53.241	159.402	159.410			6
2026.03.26	01:43:53.543		159.409			4
2026.03.26	01:43:55.047		159.410			4
2026.03.26	01:43:55.344		159.409			4
2026.03.26	01:43:57.449	159.398	159.403			6
2026.03.26	01:43:57.748	159.396	159.402			6
2026.03.26	01:43:58.056	159.395				2
2026.03.26	01:44:00.158	159.395				2
2026.03.26	01:44:00.753		159.403			4
2026.03.26	01:44:02.254		159.402			4
2026.03.26	01:44:08.266	159.396				2
2026.03.26	01:44:13.372		159.403			4
2026.03.26	01:44:20.279	159.397				2
2026.03.26	01:44:20.874	159.396				2
2026.03.26	01:44:22.385	159.397				2
2026.03.26	01:44:22.675	159.396	159.402			6
2026.03.26	01:44:22.977	159.397				2
2026.03.26	01:44:25.978	159.396				2
2026.03.26	01:44:26.281		159.403			4
2026.03.26	01:44:29.579		159.402			4
2026.03.26	01:44:31.382	159.397				2
2026.03.26	01:44:31.689	159.396				2
2026.03.26	01:44:32.584	159.397				2
2026.03.26	01:44:33.484	159.396				2
2026.03.26	01:44:34.085	159.397				2
2026.03.26	01:44:34.692	159.396				2
2026.03.26	01:44:35.598	159.397				2
2026.03.26	01:44:35.892		159.403			4
2026.03.26	01:44:36.195	159.396	159.402			6
2026.03.26	01:44:36.795	159.397	159.403			6
2026.03.26	01:44:37.697	159.396	159.402			6
2026.03.26	01:44:38.599	159.397	159.403			6
2026.03.26	01:44:39.199	159.396	159.402			6
2026.03.26	01:44:40.100	159.397	159.403			6
2026.03.26	01:44:42.203		159.402			4
2026.03.26	01:44:49.129		159.401			4
2026.03.26	01:44:49.429		159.402			4
2026.03.26	01:44:54.225	159.398				2
2026.03.26	01:44:56.038	159.397	159.401			6
2026.03.26	01:44:56.338	159.399	159.403			6
2026.03.26	01:44:56.640	159.398	159.402			6
2026.03.26	01:45:00.241	159.398				2
2026.03.26	01:45:02.347	159.399	159.403			6
2026.03.26	01:45:02.951	159.398	159.402			6
2026.03.26	01:45:05.954	159.397	159.401			6
2026.03.26	01:45:06.256	159.398				2
2026.03.26	01:45:09.859	159.399	159.402			6
2026.03.26	01:45:10.460	159.398	159.401			6
2026.03.26	01:45:16.362	159.399	159.402			6
2026.03.26	01:45:16.961	159.398	159.401			6
2026.03.26	01:45:17.559	159.399	159.402			6
2026.03.26	01:45:17.859	159.398	159.401			6
2026.03.26	01:45:18.159	159.399				2
2026.03.26	01:45:22.964	159.398	159.400			6
2026.03.26	01:45:23.565	159.399	159.401			6
2026.03.26	01:45:30.139	159.400				2
2026.03.26	01:45:30.439	159.399	159.400			6
2026.03.26	01:45:32.841	159.400	159.401			6
2026.03.26	01:45:33.446	159.399	159.400			6
2026.03.26	01:45:34.649	159.400	159.401			6
2026.03.26	01:45:34.950	159.399	159.400			6
2026.03.26	01:45:36.150	159.400	159.401			6
2026.03.26	01:45:36.451	159.399	159.400			6
2026.03.26	01:45:38.854	159.400	159.401			6
2026.03.26	01:45:39.158	159.399	159.400			6
2026.03.26	01:45:40.058	159.400	159.401			6
2026.03.26	01:45:40.358	159.399	159.400			6
2026.03.26	01:45:40.657	159.400	159.401			6
2026.03.26	01:45:40.957	159.399	159.400			6
2026.03.26	01:45:41.858	159.400	159.401			6
2026.03.26	01:45:44.864	159.399	159.400			6
2026.03.26	01:45:45.464	159.400	159.401			6
2026.03.26	01:45:45.761	159.399	159.400			6
2026.03.26	01:45:46.065	159.400	159.401			6
2026.03.26	01:45:47.263	159.399	159.400			6
2026.03.26	01:45:47.567	159.400	159.401			6
2026.03.26	01:45:48.764	159.399	159.400			6
2026.03.26	01:45:49.068	159.400	159.401			6
2026.03.26	01:45:50.265	159.399	159.400			6
2026.03.26	01:45:50.867	159.400	159.401			6
2026.03.26	01:45:51.767	159.399	159.400			6
2026.03.26	01:45:52.068	159.400	159.401			6
2026.03.26	01:45:53.272	159.399	159.400			6
2026.03.26	01:45:53.571	159.400	159.401			6
2026.03.26	01:45:54.770	159.399	159.400			6
2026.03.26	01:45:55.070	159.400	159.401			6
2026.03.26	01:45:56.272	159.399	159.400			6
2026.03.26	01:45:56.873	159.400	159.401			6
2026.03.26	01:45:57.472	159.399	159.400			6
2026.03.26	01:45:58.075	159.400	159.401			6
2026.03.26	01:45:59.277	159.399	159.400			6
2026.03.26	01:46:00.182	159.400	159.401			6
2026.03.26	01:46:00.479	159.399	159.400			6
2026.03.26	01:46:01.081	159.400	159.401			6
2026.03.26	01:46:01.385	159.399	159.400			6
2026.03.26	01:46:01.684	159.400	159.401			6
2026.03.26	01:46:02.283	159.399	159.400			6
2026.03.26	01:46:02.585	159.400	159.401			6
2026.03.26	01:46:03.182	159.399	159.400			6
2026.03.26	01:46:04.084	159.400	159.401			6
2026.03.26	01:46:04.686	159.399	159.400			6
2026.03.26	01:46:07.390	159.400	159.401			6
2026.03.26	01:46:07.689	159.399	159.400			6
2026.03.26	01:46:08.891	159.400	159.401			6
2026.03.26	01:46:09.193	159.399	159.400			6
2026.03.26	01:46:10.393	159.400	159.401			6
2026.03.26	01:46:10.697	159.399	159.400			6
2026.03.26	01:46:11.897	159.400	159.401			6
2026.03.26	01:46:12.200	159.399	159.400			6
2026.03.26	01:46:13.404	159.400	159.401			6
2026.03.26	01:46:13.703	159.399	159.400			6
2026.03.26	01:46:14.905	159.400	159.401			6
2026.03.26	01:46:15.204	159.399	159.400			6
2026.03.26	01:46:16.108	159.400	159.401			6
2026.03.26	01:46:16.704	159.399	159.400			6
2026.03.26	01:46:17.605	159.400	159.401			6
2026.03.26	01:46:18.208	159.399	159.400			6
2026.03.26	01:46:20.913	159.400	159.401			6
2026.03.26	01:46:21.218	159.399	159.400			6
2026.03.26	01:46:22.418	159.400	159.401			6
2026.03.26	01:46:22.717	159.399	159.400			6
2026.03.26	01:46:23.321	159.400	159.401			6
2026.03.26	01:46:23.623	159.399	159.400			6
2026.03.26	01:46:34.147	159.400	159.401			6
2026.03.26	01:46:34.444	159.399	159.400			6
2026.03.26	01:46:35.350	159.400	159.401			6
2026.03.26	01:46:36.246	159.399	159.400			6
2026.03.26	01:46:37.150	159.400	159.401			6
2026.03.26	01:46:37.451	159.399	159.400			6
2026.03.26	01:46:38.050	159.400	159.401			6
2026.03.26	01:46:38.951	159.399	159.400			6
2026.03.26	01:46:40.155	159.400	159.401			6
2026.03.26	01:46:40.456	159.399	159.400			6
2026.03.26	01:46:41.056	159.400	159.401			6
2026.03.26	01:46:41.357	159.399	159.400			6
2026.03.26	01:46:41.657	159.401	159.402			6
2026.03.26	01:46:43.160	159.402	159.403			6
2026.03.26	01:46:43.460	159.401	159.402			6
2026.03.26	01:46:44.362	159.402	159.403			6
2026.03.26	01:46:47.064	159.401	159.402			6
2026.03.26	01:46:47.964	159.402	159.403			6
2026.03.26	01:46:49.168	159.401	159.402			6
2026.03.26	01:46:51.868	159.402	159.403			6
2026.03.26	01:46:55.773	159.401	159.402			6
2026.03.26	01:46:58.174	159.402	159.403			6
2026.03.26	01:46:58.473	159.401	159.402			6
2026.03.26	01:46:59.077	159.402	159.403			6
2026.03.26	01:46:59.379	159.401	159.402			6
2026.03.26	01:46:59.674	159.402	159.403			6
2026.03.26	01:46:59.975	159.401	159.402			6
2026.03.26	01:47:00.275	159.401				2
2026.03.26	01:47:00.875	159.402	159.403			6
2026.03.26	01:47:01.181	159.401	159.402			6
2026.03.26	01:47:02.076	159.402	159.403			6
2026.03.26	01:47:02.680	159.401	159.402			6
2026.03.26	01:47:03.582	159.402	159.403			6
2026.03.26	01:47:04.184	159.401	159.402			6
2026.03.26	01:47:05.384	159.402	159.403			6
2026.03.26	01:47:05.685	159.401	159.402			6
2026.03.26	01:47:06.887	159.402	159.403			6
2026.03.26	01:47:07.190	159.401	159.402			6
2026.03.26	01:47:08.388	159.402	159.403			6
2026.03.26	01:47:08.689	159.401	159.402			6
2026.03.26	01:47:09.593	159.402	159.403			6
2026.03.26	01:47:10.196	159.401	159.402			6
2026.03.26	01:47:11.097	159.402	159.403			6
2026.03.26	01:47:11.398	159.401	159.402			6
2026.03.26	01:47:12.599	159.402	159.403			6
2026.03.26	01:47:13.502	159.401	159.402			6
2026.03.26	01:47:14.397	159.402	159.403			6
2026.03.26	01:47:14.705	159.401	159.402			6
2026.03.26	01:47:15.907	159.402	159.403			6
2026.03.26	01:47:16.204	159.401	159.402			6
2026.03.26	01:47:16.505	159.402	159.403			6
2026.03.26	01:47:16.807	159.401	159.402			6
2026.03.26	01:47:17.110	159.402	159.403			6
2026.03.26	01:47:18.005	159.401	159.402			6
2026.03.26	01:47:18.910	159.402	159.403			6
2026.03.26	01:47:23.118	159.401	159.402			6
2026.03.26	01:47:27.332	159.402	159.403			6
2026.03.26	01:47:27.630	159.401	159.402			6
2026.03.26	01:47:28.833	159.402	159.403			6
2026.03.26	01:47:30.334	159.401	159.402			6
2026.03.26	01:47:35.455	159.402	159.403			6
2026.03.26	01:47:36.350	159.401	159.402			6
2026.03.26	01:47:41.759	159.400	159.401			6
2026.03.26	01:47:42.059	159.401	159.402			6
2026.03.26	01:47:45.661	159.402	159.403			6
2026.03.26	01:47:45.968	159.401	159.402			6
2026.03.26	01:47:49.871	159.402	159.403			6
2026.03.26	01:47:50.472	159.401	159.402			6
2026.03.26	01:47:51.075	159.402	159.403			6
2026.03.26	01:47:51.971	159.401	159.402			6
2026.03.26	01:47:53.170	159.402	159.403			6
2026.03.26	01:47:53.479	159.401	159.402			6
2026.03.26	01:47:55.872	159.402	159.403			6
2026.03.26	01:47:56.480	159.401	159.402			6
2026.03.26	01:47:57.078	159.402	159.403			6
2026.03.26	01:47:57.979	159.401	159.402			6
2026.03.26	01:47:58.878	159.402	159.403			6
2026.03.26	01:47:59.475	159.401	159.402			6
2026.03.26	01:48:00.075	159.402	159.403			6
2026.03.26	01:48:00.977	159.401	159.402			6
2026.03.26	01:48:03.680	159.402	159.403			6
2026.03.26	01:48:03.980	159.401	159.402			6
2026.03.26	01:48:04.885	159.402	159.403			6
2026.03.26	01:48:05.488	159.401	159.402			6
2026.03.26	01:48:06.086	159.402	159.403			6
2026.03.26	01:48:06.986	159.401	159.402			6
2026.03.26	01:48:07.589	159.402	159.403			6
2026.03.26	01:48:08.495	159.401	159.402			6
2026.03.26	01:48:10.904	159.402	159.403			6
2026.03.26	01:48:11.206	159.401	159.402			6
2026.03.26	01:48:12.412	159.402	159.403			6
2026.03.26	01:48:12.713	159.401	159.402			6
2026.03.26	01:48:13.914	159.402	159.403			6
2026.03.26	01:48:14.214	159.401	159.402			6
2026.03.26	01:48:15.415	159.402	159.403			6
2026.03.26	01:48:15.716	159.401	159.402			6
2026.03.26	01:48:16.921	159.402	159.403			6
2026.03.26	01:48:17.217	159.401	159.402			6
2026.03.26	01:48:18.123	159.402	159.403			6
2026.03.26	01:48:18.722	159.401	159.402			6
2026.03.26	01:48:19.325	159.402	159.403			6
2026.03.26	01:48:20.225	159.401	159.402			6
2026.03.26	01:48:21.125	159.402	159.403			6
2026.03.26	01:48:21.723	159.401	159.402			6
2026.03.26	01:48:22.324	159.402	159.403			6
2026.03.26	01:48:22.625	159.401	159.402			6
2026.03.26	01:48:22.925	159.402	159.403			6
2026.03.26	01:48:23.227	159.401	159.402			6
2026.03.26	01:48:23.830	159.402	159.403			6
2026.03.26	01:48:24.430	159.401	159.402			6
2026.03.26	01:48:25.334	159.402	159.403			6
2026.03.26	01:48:25.936	159.401	159.402			6
2026.03.26	01:48:26.837	159.402	159.403			6
2026.03.26	01:48:27.435	159.401	159.402			6
2026.03.26	01:48:28.339	159.402	159.403			6
2026.03.26	01:48:28.943	159.401	159.402			6
2026.03.26	01:48:31.640	159.402	159.403			6
2026.03.26	01:48:31.947	159.401	159.402			6
2026.03.26	01:48:32.842	159.402	159.403			6
2026.03.26	01:48:33.441	159.401	159.402			6
2026.03.26	01:48:34.643	159.402	159.403			6
2026.03.26	01:48:34.943	159.401	159.402			6
2026.03.26	01:48:35.845	159.402	159.403			6
2026.03.26	01:48:36.446	159.401	159.402			6
2026.03.26	01:48:37.353	159.402	159.403			6
2026.03.26	01:48:37.647	159.401	159.402			6
2026.03.26	01:48:40.649	159.402	159.403			6
2026.03.26	01:48:40.949	159.401	159.402			6
2026.03.26	01:48:42.151	159.402	159.403			6
2026.03.26	01:48:42.451	159.401	159.402			6
2026.03.26	01:48:45.163	159.402	159.403			6
2026.03.26	01:48:50.865	159.401	159.402			6
2026.03.26	01:48:52.367	159.402	159.403			6
2026.03.26	01:48:52.969	159.401	159.402			6
2026.03.26	01:48:53.870	159.402	159.403			6
2026.03.26	01:48:54.472	159.401	159.402			6
2026.03.26	01:48:55.678	159.402	159.403			6
2026.03.26	01:48:55.982	159.401	159.402			6
2026.03.26	01:48:56.882	159.402	159.403			6
2026.03.26	01:48:57.187	159.401	159.402			6
2026.03.26	01:48:59.887	159.402	159.403			6
2026.03.26	01:49:00.195	159.401	159.402			6
2026.03.26	01:49:01.400	159.402	159.403			6
2026.03.26	01:49:01.997	159.401	159.402			6
2026.03.26	01:49:04.107	159.402	159.403			6
2026.03.26	01:49:04.707	159.401	159.402			6
2026.03.26	01:49:05.606	159.402	159.403			6
2026.03.26	01:49:06.205	159.401	159.402			6
2026.03.26	01:49:07.111	159.402	159.403			6
2026.03.26	01:49:07.708	159.401	159.402			6
2026.03.26	01:49:08.915	159.402	159.403			6
2026.03.26	01:49:09.212	159.401	159.402			6
2026.03.26	01:49:10.117	159.402	159.403			6
2026.03.26	01:49:10.712	159.401	159.402			6
2026.03.26	01:49:11.915	159.402	159.403			6
2026.03.26	01:49:12.215	159.401	159.402			6
2026.03.26	01:49:13.422	159.402	159.403			6
2026.03.26	01:49:13.723	159.401	159.402			6
2026.03.26	01:49:17.626	159.402	159.403			6
2026.03.26	01:49:18.228	159.401	159.402			6
2026.03.26	01:49:18.828	159.402	159.403			6
2026.03.26	01:49:19.727	159.401	159.402			6
2026.03.26	01:49:20.330	159.402	159.403			6
2026.03.26	01:49:20.938	159.401	159.402			6
2026.03.26	01:49:24.247	159.402	159.403			6
2026.03.26	01:49:24.547	159.401	159.402			6
2026.03.26	01:49:26.954	159.402	159.403			6
2026.03.26	01:49:27.251	159.401	159.402			6
2026.03.26	01:49:38.362	159.402	159.403			6
2026.03.26	01:49:38.967	159.401	159.402			6
2026.03.26	01:49:41.369	159.402	159.403			6
2026.03.26	01:49:41.966	159.401	159.402			6
2026.03.26	01:49:42.870	159.402	159.403			6
2026.03.26	01:49:43.466	159.400	159.401			6
2026.03.26	01:49:43.775	159.401	159.402			6
2026.03.26	01:49:45.881	159.402	159.403			6
2026.03.26	01:49:46.178	159.401	159.402			6
2026.03.26	01:49:50.987	159.400	159.401			6
2026.03.26	01:49:51.285	159.401	159.402			6
2026.03.26	01:49:56.095	159.402	159.403			6
2026.03.26	01:49:56.400	159.401	159.402			6
2026.03.26	01:50:00.007	159.401				2
2026.03.26	01:50:03.305	159.399	159.400			6
2026.03.26	01:50:03.606	159.400	159.401			6
2026.03.26	01:50:03.906	159.399	159.400			6
2026.03.26	01:50:05.108	159.400	159.401			6
2026.03.26	01:50:05.410	159.399	159.400			6
2026.03.26	01:50:06.611	159.400	159.401			6
2026.03.26	01:50:06.914	159.399	159.400			6
2026.03.26	01:50:08.114	159.400	159.401			6
2026.03.26	01:50:08.415	159.399	159.400			6
2026.03.26	01:50:38.180	159.400	159.401			6
2026.03.26	01:50:39.977	159.399	159.400			6
2026.03.26	01:50:40.584	159.400	159.401			6
2026.03.26	01:50:41.179	159.399	159.400			6
2026.03.26	01:50:41.487	159.400	159.401			6
2026.03.26	01:50:42.083	159.399	159.400			6
2026.03.26	01:50:42.388	159.400	159.401			6
2026.03.26	01:50:42.683	159.399	159.400			6
2026.03.26	01:50:42.990	159.400	159.401			6
2026.03.26	01:50:43.892	159.399	159.400			6
2026.03.26	01:50:44.190	159.400	159.401			6
2026.03.26	01:50:44.789	159.399	159.400			6
2026.03.26	01:50:45.391	159.400	159.401			6
2026.03.26	01:50:45.994	159.399	159.400			6
2026.03.26	01:50:46.294	159.400	159.401			6
2026.03.26	01:50:47.201	159.399	159.400			6
2026.03.26	01:50:47.500	159.400	159.401			6
2026.03.26	01:50:48.409	159.399	159.400			6
2026.03.26	01:50:48.705	159.400	159.401			6
2026.03.26	01:50:49.001	159.399	159.400			6
2026.03.26	01:50:49.305	159.400	159.401			6
2026.03.26	01:50:49.909	159.399	159.400			6
2026.03.26	01:50:50.505	159.400	159.401			6
2026.03.26	01:50:58.024	159.399	159.400			6
2026.03.26	01:50:58.933	159.400	159.401			6
2026.03.26	01:50:59.226	159.399	159.400			6
2026.03.26	01:50:59.532	159.400	159.401			6
2026.03.26	01:50:59.830	159.399	159.400			6
2026.03.26	01:51:00.134	159.400	159.401			6
2026.03.26	01:51:01.027	159.399	159.400			6
2026.03.26	01:51:01.327	159.400	159.401			6
2026.03.26	01:51:01.927	159.399	159.400			6
2026.03.26	01:51:02.831	159.400	159.401			6
2026.03.26	01:51:03.134	159.401	159.402			6
2026.03.26	01:51:03.433	159.400	159.401			6
2026.03.26	01:51:04.034	159.401	159.402			6
2026.03.26	01:51:04.635	159.400	159.401			6
2026.03.26	01:51:05.535	159.401	159.402			6
2026.03.26	01:51:06.136	159.400	159.401			6
2026.03.26	01:51:06.440	159.401	159.402			6
2026.03.26	01:51:06.738	159.402	159.403			6
2026.03.26	01:51:07.042	159.401	159.402			6
2026.03.26	01:51:07.944	159.400	159.401			6
2026.03.26	01:51:10.344	159.401	159.402			6
2026.03.26	01:51:10.648	159.400	159.401			6
2026.03.26	01:51:13.653	159.401	159.402			6
2026.03.26	01:51:13.949	159.400	159.401			6
2026.03.26	01:51:37.393	159.401	159.402			6
2026.03.26	01:51:37.692	159.400	159.401			6
2026.03.26	01:51:38.898	159.399	159.400			6
2026.03.26	01:51:41.611	159.400	159.401			6
2026.03.26	01:51:41.911	159.399	159.400			6
2026.03.26	01:51:42.811	159.400	159.401			6
2026.03.26	01:51:43.112	159.399	159.400			6
2026.03.26	01:51:44.920	159.400	159.401			6
2026.03.26	01:51:45.218	159.399	159.400			6
2026.03.26	01:51:47.621	159.400	159.401			6
2026.03.26	01:51:47.926	159.399	159.400			6
2026.03.26	01:51:52.139	159.400	159.401			6
2026.03.26	01:51:52.434	159.399	159.400			6
2026.03.26	01:51:52.736	159.400	159.401			6
2026.03.26	01:51:53.035	159.399	159.400			6
2026.03.26	01:51:53.942	159.400	159.401			6
2026.03.26	01:51:54.237	159.399	159.400			6
2026.03.26	01:51:56.342	159.400	159.401			6
2026.03.26	01:51:56.945	159.399	159.400			6
2026.03.26	01:51:57.547	159.400	159.401			6
2026.03.26	01:51:58.148	159.399	159.400			6
2026.03.26	01:51:58.452	159.400	159.401			6
2026.03.26	01:51:58.751	159.399	159.400			6
2026.03.26	01:51:59.352	159.400	159.401			6
2026.03.26	01:51:59.951	159.399	159.400			6
2026.03.26	01:52:00.255	159.400	159.401			6
2026.03.26	01:52:00.551	159.399	159.400			6
2026.03.26	01:52:00.856	159.400	159.401			6
2026.03.26	01:52:01.456	159.399	159.400			6
2026.03.26	01:52:01.756	159.400	159.401			6
2026.03.26	01:52:02.351	159.399	159.400			6
2026.03.26	01:52:02.651	159.400	159.401			6
2026.03.26	01:52:02.955	159.399	159.400			6
2026.03.26	01:52:03.554	159.400	159.401			6
2026.03.26	01:52:03.854	159.399	159.400			6
2026.03.26	01:52:04.159	159.400	159.401			6
2026.03.26	01:52:22.182	159.399	159.400			6
2026.03.26	01:52:23.085	159.400	159.401			6
2026.03.26	01:52:28.805	159.394	159.395			6
2026.03.26	01:52:29.107	159.392	159.393			6
2026.03.26	01:52:29.398	159.398	159.399			6
2026.03.26	01:52:30.609	159.399	159.400			6
2026.03.26	01:52:30.914	159.394	159.395			6
2026.03.26	01:52:31.214	159.393	159.394			6
2026.03.26	01:52:31.517	159.398	159.399			6
2026.03.26	01:52:32.119	159.396				2
2026.03.26	01:52:32.417	159.397	159.400			6
2026.03.26	01:52:33.323	159.396	159.402			6
2026.03.26	01:52:34.223	159.397				2
2026.03.26	01:52:34.820	159.398				2
2026.03.26	01:52:35.424		159.403			4
2026.03.26	01:52:36.027		159.402			4
2026.03.26	01:52:36.332	159.395	159.401			6
2026.03.26	01:52:37.230	159.397	159.403			6
2026.03.26	01:52:37.828	159.398				2
2026.03.26	01:52:43.842	159.396	159.402			6
2026.03.26	01:52:44.137	159.397	159.403			6
2026.03.26	01:52:44.744	159.398	159.404			6
2026.03.26	01:52:45.339	159.399				2
2026.03.26	01:52:47.444	159.398	159.403			6
2026.03.26	01:52:48.643	159.399	159.404			6
2026.03.26	01:52:48.948	159.398	159.403			6
2026.03.26	01:52:49.250	159.399	159.404			6
2026.03.26	01:52:52.247	159.398	159.403			6
2026.03.26	01:52:52.546	159.399	159.404			6
2026.03.26	01:52:57.353		159.403			4
2026.03.26	01:53:00.056	159.399				2
2026.03.26	01:53:07.268	159.400				2
2026.03.26	01:53:09.074	159.399	159.402			6
2026.03.26	01:53:11.170	159.400	159.403			6
2026.03.26	01:53:11.476	159.399	159.402			6
2026.03.26	01:53:13.880	159.400	159.403			6
2026.03.26	01:53:14.476	159.399	159.402			6
2026.03.26	01:53:15.080	159.400	159.403			6
2026.03.26	01:53:17.181	159.401				2
2026.03.26	01:53:17.488	159.400	159.402			6
2026.03.26	01:53:26.217	159.401				2
2026.03.26	01:53:30.127	159.400	159.401			6
2026.03.26	01:53:31.030	159.401	159.402			6
2026.03.26	01:53:31.933	159.400	159.401			6
2026.03.26	01:53:32.833	159.401	159.402			6
2026.03.26	01:53:45.157	159.400	159.401			6
2026.03.26	01:53:45.755	159.401	159.402			6
2026.03.26	01:53:46.362	159.400	159.401			6
2026.03.26	01:53:46.659	159.401	159.402			6
2026.03.26	01:53:46.963	159.400	159.401			6
2026.03.26	01:53:47.264	159.401	159.402			6
2026.03.26	01:53:47.862	159.400	159.401			6
2026.03.26	01:53:48.163	159.401	159.402			6
2026.03.26	01:53:58.082	159.402	159.403			6
2026.03.26	01:53:58.380	159.401	159.402			6
2026.03.26	01:53:58.982	159.402	159.403			6
2026.03.26	01:53:59.582	159.403	159.404			6
2026.03.26	01:54:00.184	159.403				2
2026.03.26	01:54:00.785	159.404	159.405			6
2026.03.26	01:54:01.389	159.403	159.404			6
2026.03.26	01:54:02.587	159.400	159.401			6
2026.03.26	01:54:02.892	159.403	159.404			6
2026.03.26	01:54:09.208	159.402	159.403			6
2026.03.26	01:54:11.613	159.401	159.402			6
2026.03.26	01:54:13.418	159.402	159.403			6
2026.03.26	01:54:14.616	159.401	159.402			6
2026.03.26	01:54:14.920	159.402	159.403			6
2026.03.26	01:54:16.122	159.401	159.402			6
2026.03.26	01:54:16.721	159.402	159.403			6
2026.03.26	01:54:17.622	159.401	159.402			6
2026.03.26	01:54:17.927	159.402	159.403			6
2026.03.26	01:54:20.927	159.401	159.402			6
2026.03.26	01:54:21.226	159.402	159.403			6
2026.03.26	01:54:23.931	159.405	159.406			6
2026.03.26	01:54:42.561	159.409	159.410			6
2026.03.26	01:54:42.868	159.408	159.409			6
2026.03.26	01:54:53.078	159.409	159.410			6
2026.03.26	01:55:00.001	159.409				2
2026.03.26	01:55:19.246	159.408	159.409			6
2026.03.26	01:55:27.058	159.409	159.410			6
2026.03.26	01:55:28.258	159.408	159.409			6
2026.03.26	01:55:33.362	159.409	159.410			6
2026.03.26	01:55:38.170	159.408	159.409			6
2026.03.26	01:55:41.793	159.412	159.413			6
2026.03.26	01:55:42.092	159.413	159.414			6
2026.03.26	01:55:42.391	159.414	159.415			6
2026.03.26	01:55:57.151	159.412	159.413			6
2026.03.26	01:55:57.445	159.413	159.414			6
2026.03.26	01:56:00.151	159.413				2
2026.03.26	01:56:17.579	159.414	159.415			6
2026.03.26	01:56:33.206	159.415	159.416			6
2026.03.26	01:56:48.239	159.416	159.417			6
2026.03.26	01:56:48.538	159.415	159.416			6
2026.03.26	01:57:00.262	159.415				2
2026.03.26	01:57:15.281	159.417	159.418			6
2026.03.26	01:57:15.575	159.416	159.417			6
2026.03.26	01:57:15.879	159.417	159.418			6
2026.03.26	01:57:16.182	159.416	159.417			6
2026.03.26	01:57:16.482	159.417	159.418			6
2026.03.26	01:57:16.782	159.416	159.417			6
2026.03.26	01:57:17.080	159.417	159.418			6
2026.03.26	01:57:17.381	159.416	159.417			6
2026.03.26	01:57:19.787	159.415	159.416			6
2026.03.26	01:57:42.344	159.417	159.418			6
2026.03.26	01:57:42.943	159.416	159.417			6
2026.03.26	01:57:43.546	159.415	159.416			6
2026.03.26	01:57:44.146	159.416	159.417			6
2026.03.26	01:57:45.048	159.417	159.418			6
2026.03.26	01:57:45.349	159.415	159.416			6
2026.03.26	01:57:46.247	159.416	159.417			6
2026.03.26	01:57:46.847	159.423	159.424			6
2026.03.26	01:57:47.152	159.419	159.420			6
2026.03.26	01:57:49.551	159.420	159.421			6
2026.03.26	01:57:51.357	159.418	159.419			6
2026.03.26	01:57:51.956	159.417	159.418			6
2026.03.26	01:57:52.257	159.418	159.419			6
2026.03.26	01:57:52.857	159.417	159.418			6
2026.03.26	01:57:53.458	159.418	159.419			6
2026.03.26	01:57:53.757	159.417	159.418			6
2026.03.26	01:57:54.059	159.418	159.419			6
2026.03.26	01:57:54.356	159.417	159.418			6
2026.03.26	01:57:54.961	159.418	159.419			6
2026.03.26	01:57:55.563	159.417	159.418			6
2026.03.26	01:57:56.164	159.416	159.417			6
2026.03.26	01:57:57.363	159.417	159.418			6
2026.03.26	01:57:57.668	159.416	159.417			6
2026.03.26	01:58:00.069	159.416				2
2026.03.26	01:58:04.276	159.417	159.418			6
2026.03.26	01:58:05.784	159.416	159.417			6
2026.03.26	01:58:06.082	159.417	159.418			6
2026.03.26	01:58:06.980	159.416	159.417			6
2026.03.26	01:58:09.092	159.417	159.418			6
2026.03.26	01:58:09.394	159.416	159.417			6
2026.03.26	01:58:40.376	159.419	159.420			6
2026.03.26	01:58:40.675	159.417	159.418			6
2026.03.26	01:58:41.578	159.416	159.417			6
2026.03.26	01:58:43.680	159.417	159.418			6
2026.03.26	01:58:44.579	159.416	159.417			6
2026.03.26	01:58:45.479	159.417	159.418			6
2026.03.26	01:58:46.081	159.416	159.417			6
2026.03.26	01:58:46.690	159.417	159.418			6
2026.03.26	01:58:46.989	159.418	159.419			6
2026.03.26	01:58:47.293	159.417	159.418			6
2026.03.26	01:58:48.194	159.416	159.417			6
2026.03.26	01:58:50.599	159.418	159.419			6
2026.03.26	01:58:50.895	159.417	159.418			6
2026.03.26	01:58:51.195	159.416	159.417			6
2026.03.26	01:59:00.224	159.416				2
2026.03.26	01:59:00.529	159.415	159.416			6
2026.03.26	01:59:00.824	159.414				2
2026.03.26	01:59:02.630		159.415			4
2026.03.26	01:59:02.926	159.415	159.416			6
2026.03.26	01:59:19.152	159.416	159.417			6
2026.03.26	01:59:19.753	159.415	159.416			6
2026.03.26	01:59:28.162	159.414	159.415			6
2026.03.26	01:59:32.968	159.415	159.416			6
2026.03.26	01:59:40.177	159.414	159.415			6
2026.03.26	01:59:40.477	159.415	159.416			6
2026.03.26	01:59:41.684	159.416	159.417			6
2026.03.26	01:59:41.987	159.415	159.416			6
2026.03.26	01:59:45.293	159.416	159.417			6
2026.03.26	01:59:45.900	159.417	159.418			6
2026.03.26	01:59:47.097	159.416	159.417			6
2026.03.26	01:59:50.426	159.417	159.418			6
2026.03.26	01:59:50.722	159.416	159.417			6
2026.03.26	01:59:51.020	159.417	159.418			6
2026.03.26	01:59:51.929	159.416	159.417			6
2026.03.26	01:59:57.949	159.415	159.416			6
2026.03.26	01:59:58.845	159.416	159.417			6
2026.03.26	01:59:59.448	159.415	159.416			6
2026.03.26	01:59:59.753	159.414	159.415			6
2026.03.26	02:00:00.054	159.405	159.406			6
2026.03.26	02:00:00.349	159.404	159.405			6
2026.03.26	02:00:01.254	159.400	159.406			6
2026.03.26	02:00:01.556	159.401	159.408			6
2026.03.26	02:00:01.856	159.400	159.407			6
2026.03.26	02:00:03.663		159.408			4
2026.03.26	02:00:04.864	159.401				2
2026.03.26	02:00:05.162	159.400				2
2026.03.26	02:00:06.064	159.401				2
2026.03.26	02:00:06.360	159.400				2
2026.03.26	02:00:06.665	159.401				2
2026.03.26	02:00:06.965	159.400				2
2026.03.26	02:00:07.259	159.401				2
2026.03.26	02:00:07.868	159.400				2
2026.03.26	02:00:11.168	159.384	159.393			6
2026.03.26	02:00:12.071	159.385				2
2026.03.26	02:00:12.376	159.384				2
2026.03.26	02:00:12.670	159.385				2
2026.03.26	02:00:15.981	159.384				2
2026.03.26	02:00:17.478	159.385				2
2026.03.26	02:00:18.081		159.394			4
2026.03.26	02:00:18.987	159.384	159.392			6
2026.03.26	02:00:19.886		159.393			4
2026.03.26	02:00:21.093	159.385				2
2026.03.26	02:00:21.400	159.384				2
2026.03.26	02:00:21.997	159.385				2
2026.03.26	02:00:22.293		159.392			4
2026.03.26	02:00:22.603		159.393			4
2026.03.26	02:00:22.899		159.394			4
2026.03.26	02:00:23.498		159.393			4
2026.03.26	02:00:24.398	159.387	159.395			6
2026.03.26	02:00:24.705	159.386				2
2026.03.26	02:00:25.003	159.387				2
