<DATE>	<TIME>	<BID>	<ASK>	<LAST>	<VOLUME>	<FLAGS>
2026.05.19	00:03:30.933	158.793	158.860			6
2026.05.19	00:04:00.152	158.793				2
2026.05.19	00:04:31.175		158.860			4
2026.05.19	00:05:00.080	158.793				2
2026.05.19	00:05:04.287	158.792	158.858			6
2026.05.19	00:05:37.401	158.793	158.860			6
2026.05.19	00:06:00.279	158.793				2
2026.05.19	00:06:37.612		158.860			4
2026.05.19	00:07:00.201	158.793				2
2026.05.19	00:07:37.846		158.860			4
2026.05.19	00:08:00.138	158.793				2
2026.05.19	00:08:38.083		158.860			4
2026.05.19	00:09:00.072	158.793				2
2026.05.19	00:09:38.318		158.860			4
2026.05.19	00:09:39.524	158.790				2
2026.05.19	00:10:00.290	158.790				2
2026.05.19	00:10:38.507		158.860			4
2026.05.19	00:10:52.355		158.863			4
2026.05.19	00:11:00.172	158.790				2
2026.05.19	00:11:52.555		158.863			4
2026.05.19	00:12:00.078	158.790				2
2026.05.19	00:12:52.755		158.863			4
2026.05.19	00:13:00.277	158.790				2
2026.05.19	00:13:52.949		158.863			4
2026.05.19	00:14:00.183	158.790				2
2026.05.19	00:14:53.162		158.863			4
2026.05.19	00:15:00.080	158.790				2
2026.05.19	00:15:53.379		158.863			4
2026.05.19	00:16:00.009	158.790				2
2026.05.19	00:16:53.589		158.863			4
2026.05.19	00:17:00.208	158.790				2
2026.05.19	00:17:07.737	158.770				2
2026.05.19	00:17:08.338	158.790				2
2026.05.19	00:17:53.780		158.863			4
2026.05.19	00:18:00.095	158.790				2
2026.05.19	00:18:53.964		158.863			4
2026.05.19	00:19:00.287	158.790				2
2026.05.19	00:19:54.153		158.863			4
2026.05.19	00:20:00.168	158.790				2
2026.05.19	00:20:00.466	158.766				2
2026.05.19	00:20:28.767	158.768				2
2026.05.19	00:20:33.277		158.867			4
2026.05.19	00:20:59.464	158.766				2
2026.05.19	00:21:00.072	158.766				2
2026.05.19	00:21:33.472		158.867			4
2026.05.19	00:21:34.376	158.768				2
2026.05.19	00:21:37.687		158.880			4
2026.05.19	00:22:00.258	158.768				2
2026.05.19	00:22:05.675	158.766				2
2026.05.19	00:22:37.877		158.880			4
2026.05.19	00:22:48.714		158.883			4
2026.05.19	00:22:49.629	158.768				2
2026.05.19	00:23:00.675	158.768				2
2026.05.19	00:23:20.476	158.766				2
2026.05.19	00:23:22.812		158.876			4
2026.05.19	00:24:00.096	158.766				2
2026.05.19	00:24:14.562	158.770				2
2026.05.19	00:24:22.992		158.876			4
2026.05.19	00:24:45.880	158.766				2
2026.05.19	00:25:00.008	158.766				2
2026.05.19	00:25:04.514	158.771				2
2026.05.19	00:25:17.746	158.754				2
2026.05.19	00:25:18.047		158.884			4
2026.05.19	00:25:23.466	158.745				2
2026.05.19	00:25:24.067	158.755				2
2026.05.19	00:25:35.494	158.754				2
2026.05.19	00:26:00.177	158.754				2
2026.05.19	00:26:11.017		158.886			4
2026.05.19	00:26:21.554	158.755				2
2026.05.19	00:26:52.263	158.754				2
2026.05.19	00:26:56.472	158.745				2
2026.05.19	00:26:57.074	158.754				2
2026.05.19	00:27:00.078	158.754				2
2026.05.19	00:27:08.506	158.756				2
2026.05.19	00:27:11.214		158.886			4
2026.05.19	00:27:38.908	158.754				2
2026.05.19	00:27:42.226	158.745				2
2026.05.19	00:27:43.127	158.754				2
2026.05.19	00:27:50.054	158.745				2
2026.05.19	00:27:50.959	158.757				2
2026.05.19	00:28:00.282	158.757				2
2026.05.19	00:28:11.429		158.886			4
2026.05.19	00:28:21.676	158.754				2
2026.05.19	00:28:52.985	158.757				2
2026.05.19	00:29:00.200	158.757				2
2026.05.19	00:29:11.656		158.886			4
2026.05.19	00:29:24.586	158.754				2
2026.05.19	00:29:36.039	158.757				2
2026.05.19	00:29:56.186	158.746				2
2026.05.19	00:29:56.784	158.757				2
2026.05.19	00:30:00.094	158.757				2
2026.05.19	00:30:03.103	158.746				2
2026.05.19	00:30:04.008	158.757				2
2026.05.19	00:30:06.726	158.754				2
2026.05.19	00:30:11.841		158.886			4
2026.05.19	00:30:15.748	158.757				2
2026.05.19	00:30:34.385		158.887			4
2026.05.19	00:30:39.810	158.751				2
2026.05.19	00:30:40.716	158.757				2
2026.05.19	00:30:46.427	158.754				2
2026.05.19	00:30:49.446	158.751				2
2026.05.19	00:30:50.346	158.754				2
2026.05.19	00:30:51.849	158.757				2
2026.05.19	00:30:54.858	158.751				2
2026.05.19	00:30:55.456	158.757				2
2026.05.19	00:31:00.265	158.757				2
2026.05.19	00:31:09.287	158.751				2
2026.05.19	00:31:09.889	158.757				2
2026.05.19	00:31:21.032		158.870			4
2026.05.19	00:31:22.834	158.754				2
2026.05.19	00:31:23.440		158.884			4
2026.05.19	00:31:48.109	158.757				2
2026.05.19	00:32:00.161	158.757				2
2026.05.19	00:32:18.796		158.864			4
2026.05.19	00:32:19.095	158.754				2
2026.05.19	00:32:19.998		158.856			4
2026.05.19	00:32:20.601		158.864			4
2026.05.19	00:32:34.446		158.856			4
2026.05.19	00:32:44.969	158.752				2
2026.05.19	00:33:00.304	158.752				2
2026.05.19	00:33:04.515		158.870			4
2026.05.19	00:33:09.933		158.877			4
2026.05.19	00:33:10.233		158.879			4
2026.05.19	00:33:25.871		158.880			4
2026.05.19	00:33:42.397	158.742				2
2026.05.19	00:33:43.001	158.752				2
2026.05.19	00:34:00.166	158.752				2
2026.05.19	00:34:15.192	158.742				2
2026.05.19	00:34:15.788	158.752				2
2026.05.19	00:34:26.024		158.880			4
2026.05.19	00:35:00.020	158.752				2
2026.05.19	00:35:15.966	158.754				2
2026.05.19	00:35:26.179		158.880			4
2026.05.19	00:35:48.743		158.871			4
2026.05.19	00:35:58.368	158.748				2
2026.05.19	00:35:59.270	158.754				2
2026.05.19	00:36:00.171	158.754				2
2026.05.19	00:36:19.099	158.748				2
2026.05.19	00:36:19.400		158.864			4
2026.05.19	00:36:19.702	158.754				2
2026.05.19	00:36:24.221		158.868			4
2026.05.19	00:36:24.522		158.874			4
2026.05.19	00:36:40.159	158.748				2
2026.05.19	00:36:41.062	158.754				2
2026.05.19	00:37:00.295	158.754				2
2026.05.19	00:37:21.067		158.873			4
2026.05.19	00:37:21.968		158.876			4
2026.05.19	00:37:25.876		158.880			4
2026.05.19	00:38:00.194	158.754				2
2026.05.19	00:38:26.064		158.880			4
2026.05.19	00:38:36.897	158.747				2
2026.05.19	00:38:37.499	158.754				2
2026.05.19	00:38:58.585		158.863			4
2026.05.19	00:39:00.082	158.754				2
2026.05.19	00:39:02.488		158.865			4
2026.05.19	00:39:19.651		158.867			4
2026.05.19	00:39:37.091		158.869			4
2026.05.19	00:39:41.006	158.743				2
2026.05.19	00:39:41.911	158.754				2
2026.05.19	00:40:00.259	158.754				2
2026.05.19	00:40:37.244		158.869			4
2026.05.19	00:40:38.147	158.743				2
2026.05.19	00:40:38.748	158.754				2
2026.05.19	00:40:53.176		158.856			4
2026.05.19	00:41:00.098	158.754				2
2026.05.19	00:41:37.993		158.850			4
2026.05.19	00:41:40.696		158.851			4
2026.05.19	00:41:41.000	158.757				2
2026.05.19	00:41:44.317	158.754	158.847			6
2026.05.19	00:41:45.518		158.851			4
2026.05.19	00:41:45.817		158.858			4
2026.05.19	00:41:46.119		158.865			4
2026.05.19	00:41:47.020		158.861			4
2026.05.19	00:42:00.266	158.754				2
2026.05.19	00:42:05.669	158.743				2
2026.05.19	00:42:06.573	158.754				2
2026.05.19	00:42:19.800		158.848			4
2026.05.19	00:42:24.328		158.849			4
2026.05.19	00:42:37.569	158.750				2
2026.05.19	00:42:37.869		158.847			4
2026.05.19	00:42:38.168	158.754				2
2026.05.19	00:43:00.135	158.754				2
2026.05.19	00:43:05.856	158.751				2
2026.05.19	00:43:06.754	158.754	158.848			6
2026.05.19	00:43:29.910		158.854			4
2026.05.19	00:44:00.295	158.754				2
2026.05.19	00:44:26.171		158.849			4
2026.05.19	00:44:35.186		158.847			4
2026.05.19	00:44:39.395	158.744				2
2026.05.19	00:44:39.999	158.754				2
2026.05.19	00:44:42.411	158.772	158.842			6
2026.05.19	00:44:42.708		158.833			4
2026.05.19	00:44:58.970	158.761				2
2026.05.19	00:44:59.570	158.772				2
2026.05.19	00:45:00.171	158.772				2
2026.05.19	00:45:02.878	158.761				2
2026.05.19	00:45:05.886	158.772				2
2026.05.19	00:45:34.773		158.825			4
2026.05.19	00:45:38.081		158.832			4
2026.05.19	00:45:42.892		158.824			4
2026.05.19	00:45:44.394		158.825			4
2026.05.19	00:45:46.501		158.826			4
2026.05.19	00:46:00.058	158.772				2
2026.05.19	00:46:38.561		158.834			4
2026.05.19	00:46:38.861		158.838			4
2026.05.19	00:46:40.664		158.826			4
2026.05.19	00:46:47.877		158.821			4
2026.05.19	00:46:56.297		158.823			4
2026.05.19	00:46:59.302	158.757				2
2026.05.19	00:47:00.208	158.772				2
2026.05.19	00:47:02.925	158.757				2
2026.05.19	00:47:05.933	158.772				2
2026.05.19	00:47:08.040	158.783	158.828			6
2026.05.19	00:47:08.338		158.829			4
2026.05.19	00:47:19.464		158.832			4
2026.05.19	00:47:39.333	158.770				2
2026.05.19	00:47:40.539	158.773	158.833			6
2026.05.19	00:47:54.365	158.767				2
2026.05.19	00:47:55.267	158.773				2
2026.05.19	00:48:00.080	158.773				2
2026.05.19	00:48:08.195		158.831			4
2026.05.19	00:48:20.244	158.765				2
2026.05.19	00:48:20.845	158.773				2
2026.05.19	00:48:22.643	158.765				2
2026.05.19	00:48:23.247	158.773				2
2026.05.19	00:48:39.480		158.835			4
2026.05.19	00:48:40.080		158.828			4
2026.05.19	00:48:46.692	158.762				2
2026.05.19	00:48:47.293	158.773				2
2026.05.19	00:48:50.614		158.827			4
2026.05.19	00:48:57.243	158.761				2
2026.05.19	00:48:57.845	158.773				2
2026.05.19	00:49:00.254	158.773				2
2026.05.19	00:49:08.070		158.830			4
2026.05.19	00:49:19.798	158.764				2
2026.05.19	00:49:20.702	158.773				2
2026.05.19	00:49:51.105	158.769				2
2026.05.19	00:50:00.148	158.769				2
2026.05.19	00:50:07.963		158.828			4
2026.05.19	00:51:00.004	158.755	158.822			6
2026.05.19	00:51:00.303		158.812			4
2026.05.19	00:51:00.909	158.756				2
2026.05.19	00:51:01.511		158.814			4
2026.05.19	00:51:17.164		158.808			4
2026.05.19	00:51:40.947	158.725	158.800			6
2026.05.19	00:51:41.247		158.793			4
2026.05.19	00:51:46.061	158.724	158.799			6
2026.05.19	00:51:46.662		158.790			4
2026.05.19	00:51:47.264		158.791			4
2026.05.19	00:51:51.171	158.725				2
2026.05.19	00:52:00.194	158.725				2
2026.05.19	00:52:16.456		158.794			4
2026.05.19	00:52:20.664	158.724	158.795			6
2026.05.19	00:52:37.195		158.801			4
2026.05.19	00:52:40.191		158.802			4
2026.05.19	00:52:40.941		158.801			4
2026.05.19	00:52:48.437	158.731				2
2026.05.19	00:53:00.168	158.731				2
2026.05.19	00:53:09.198	158.738				2
2026.05.19	00:53:39.604		158.814			4
2026.05.19	00:53:40.509		158.801			4
2026.05.19	00:53:48.043	158.737				2
2026.05.19	00:54:00.069	158.737				2
2026.05.19	00:54:04.876	158.740				2
2026.05.19	00:54:11.787	158.747	158.813			6
2026.05.19	00:54:12.087	158.748	158.814			6
2026.05.19	00:54:12.693		158.801			4
2026.05.19	00:54:59.007		158.814			4
2026.05.19	00:54:59.607		158.801			4
2026.05.19	00:55:00.209	158.748				2
2026.05.19	00:55:02.613	158.740				2
2026.05.19	00:55:03.214	158.739				2
2026.05.19	00:55:03.816	158.738				2
2026.05.19	00:55:14.879	158.735				2
2026.05.19	00:55:20.879	158.733				2
2026.05.19	00:55:44.651		158.802			4
2026.05.19	00:55:48.562	158.736				2
2026.05.19	00:55:52.470	158.731				2
2026.05.19	00:55:56.676	158.733				2
2026.05.19	00:55:59.683		158.803			4
2026.05.19	00:56:00.283	158.733				2
2026.05.19	00:56:30.992		158.814			4
2026.05.19	00:56:31.894		158.803			4
2026.05.19	00:56:49.665	158.731				2
2026.05.19	00:56:50.262	158.730				2
2026.05.19	00:56:51.764	158.729				2
2026.05.19	00:57:00.186	158.729				2
2026.05.19	00:57:04.995	158.727				2
2026.05.19	00:57:15.815		158.804			4
2026.05.19	00:57:22.141	158.726				2
2026.05.19	00:57:31.763		158.806			4
2026.05.19	00:57:33.270	158.725				2
2026.05.19	00:57:35.672	158.724				2
2026.05.19	00:57:35.973	158.725				2
2026.05.19	00:57:36.577	158.724				2
2026.05.19	00:57:37.777	158.725				2
2026.05.19	00:58:00.065	158.725				2
2026.05.19	00:58:16.616		158.805			4
2026.05.19	00:58:30.762	158.727				2
2026.05.19	00:58:50.025	158.730				2
2026.05.19	00:58:51.234	158.729				2
2026.05.19	00:59:00.265	158.729				2
2026.05.19	00:59:16.799		158.805			4
2026.05.19	00:59:33.069	158.727				2
2026.05.19	00:59:39.982	158.729	158.816			6
2026.05.19	00:59:40.583	158.735				2
2026.05.19	00:59:42.084	158.732				2
2026.05.19	01:00:00.147	158.732	158.821			6
2026.05.19	01:00:00.441	158.724	158.807			6
2026.05.19	01:00:00.740	158.729	158.802			6
2026.05.19	01:00:01.040		158.782			4
2026.05.19	01:00:01.340	158.728				2
2026.05.19	01:00:01.641	158.740				2
2026.05.19	01:00:01.940	158.764	158.768			6
2026.05.19	01:00:02.241		158.769			4
2026.05.19	01:00:02.843	158.776	158.781			6
2026.05.19	01:00:03.144	158.781	158.785			6
2026.05.19	01:00:03.745	158.779	158.784			6
2026.05.19	01:00:04.046	158.741	158.809			6
2026.05.19	01:00:04.346	158.779	158.784			6
2026.05.19	01:00:15.462	158.774	158.779			6
2026.05.19	01:00:16.363	158.770	158.775			6
2026.05.19	01:00:16.965	158.773	158.778			6
2026.05.19	01:00:19.968	158.774				2
2026.05.19	01:00:23.273	158.773				2
2026.05.19	01:00:24.172	158.769	158.774			6
2026.05.19	01:00:25.073	158.773	158.778			6
2026.05.19	01:00:25.373	158.770	158.775			6
2026.05.19	01:00:26.273	158.769	158.774			6
2026.05.19	01:00:27.173	158.770				2
2026.05.19	01:00:27.775	158.772	158.777			6
2026.05.19	01:00:28.377	158.769	158.773			6
2026.05.19	01:00:28.675	158.763	158.768			6
2026.05.19	01:00:28.975	158.767	158.771			6
2026.05.19	01:00:29.575	158.762	158.767			6
2026.05.19	01:00:29.876	158.763	158.768			6
2026.05.19	01:00:30.782	158.764	158.769			6
2026.05.19	01:00:31.377	158.761	158.765			6
2026.05.19	01:00:31.679	158.762	158.767			6
2026.05.19	01:00:33.178	158.761	158.766			6
2026.05.19	01:00:40.386	158.767	158.768			6
2026.05.19	01:00:40.988	158.769	158.770			6
2026.05.19	01:00:41.593	158.766	158.767			6
2026.05.19	01:00:48.501	158.762	158.763			6
2026.05.19	01:00:51.808	158.772	158.773			6
2026.05.19	01:00:58.120	158.781	158.782			6
2026.05.19	01:00:58.420	158.780	158.781			6
2026.05.19	01:00:58.721	158.775	158.776			6
2026.05.19	01:00:59.322	158.777	158.778			6
2026.05.19	01:00:59.624	158.782	158.783			6
2026.05.19	01:00:59.924	158.777	158.778			6
2026.05.19	01:01:00.232	158.777				2
2026.05.19	01:01:00.528	158.772	158.773			6
2026.05.19	01:01:03.526	158.774	158.775			6
2026.05.19	01:01:04.126	158.775	158.776			6
2026.05.19	01:01:07.432	158.773	158.774			6
2026.05.19	01:01:07.735	158.772	158.773			6
2026.05.19	01:01:15.236	158.779	158.780			6
2026.05.19	01:01:15.536	158.777	158.778			6
2026.05.19	01:01:15.836	158.776	158.777			6
2026.05.19	01:01:16.136	158.778	158.779			6
2026.05.19	01:01:16.436	158.776	158.777			6
2026.05.19	01:01:17.641	158.779	158.780			6
2026.05.19	01:01:18.240	158.778	158.779			6
2026.05.19	01:01:20.943	158.779	158.780			6
2026.05.19	01:01:21.547	158.778	158.779			6
2026.05.19	01:01:22.143	158.781	158.782			6
2026.05.19	01:01:22.443	158.779	158.780			6
2026.05.19	01:01:22.743	158.777	158.778			6
2026.05.19	01:01:23.043	158.780	158.781			6
2026.05.19	01:01:23.344	158.779	158.780			6
2026.05.19	01:01:23.645	158.782	158.783			6
2026.05.19	01:01:23.945	158.772	158.773			6
2026.05.19	01:01:24.547	158.771	158.772			6
2026.05.19	01:01:26.049	158.772	158.773			6
2026.05.19	01:01:26.648	158.773	158.774			6
2026.05.19	01:01:27.249	158.774	158.775			6
2026.05.19	01:01:27.549	158.773	158.774			6
2026.05.19	01:01:28.152	158.771	158.772			6
2026.05.19	01:01:29.051	158.772	158.773			6
2026.05.19	01:01:29.352	158.773	158.774			6
2026.05.19	01:01:29.654	158.770	158.771			6
2026.05.19	01:01:29.954	158.771	158.772			6
2026.05.19	01:01:30.856	158.772	158.773			6
2026.05.19	01:01:31.157	158.770	158.771			6
2026.05.19	01:01:32.057	158.771	158.772			6
2026.05.19	01:01:32.359	158.770	158.771			6
2026.05.19	01:01:32.660	158.771	158.772			6
2026.05.19	01:01:32.960	158.770	158.771			6
2026.05.19	01:01:33.262	158.771	158.772			6
2026.05.19	01:01:33.560	158.766	158.767			6
2026.05.19	01:01:33.859	158.763	158.764			6
2026.05.19	01:01:34.158	158.766	158.767			6
2026.05.19	01:01:34.458	158.768	158.769			6
2026.05.19	01:01:34.759	158.767	158.768			6
2026.05.19	01:01:38.069	158.773	158.774			6
2026.05.19	01:01:38.367	158.772	158.773			6
2026.05.19	01:01:47.379	158.771	158.772			6
2026.05.19	01:01:48.577	158.772	158.773			6
2026.05.19	01:01:50.083	158.771	158.772			6
2026.05.19	01:01:54.294	158.770	158.771			6
2026.05.19	01:01:54.592	158.767	158.768			6
2026.05.19	01:01:59.395	158.768	158.769			6
2026.05.19	01:02:00.294	158.768				2
2026.05.19	01:02:02.398	158.769	158.770			6
2026.05.19	01:02:06.002	158.770	158.771			6
2026.05.19	01:02:06.606	158.772	158.773			6
2026.05.19	01:02:07.209	158.771	158.772			6
2026.05.19	01:02:09.609	158.772	158.773			6
2026.05.19	01:02:14.724	158.770	158.771			6
2026.05.19	01:02:15.026	158.769	158.770			6
2026.05.19	01:02:17.730	158.770	158.771			6
2026.05.19	01:02:19.542	158.768	158.769			6
2026.05.19	01:02:20.143	158.769	158.770			6
2026.05.19	01:02:41.767	158.757	158.758			6
2026.05.19	01:02:42.066	158.747	158.748			6
2026.05.19	01:02:42.368	158.746	158.747			6
2026.05.19	01:02:42.672	158.753	158.754			6
2026.05.19	01:02:42.967	158.758	158.759			6
2026.05.19	01:02:43.270	158.754	158.758			6
2026.05.19	01:02:44.170		158.759			4
2026.05.19	01:02:45.972	158.755	158.760			6
2026.05.19	01:02:46.273	158.754	158.759			6
2026.05.19	01:02:50.180		158.758			4
2026.05.19	01:02:50.480	158.753	158.757			6
2026.05.19	01:02:50.781	158.754	158.758			6
2026.05.19	01:02:51.078	158.753	158.757			6
2026.05.19	01:02:51.378	158.758	158.762			6
2026.05.19	01:02:51.681	158.765	158.769			6
2026.05.19	01:02:51.979	158.768	158.772			6
2026.05.19	01:02:52.279	158.763	158.769			6
2026.05.19	01:02:52.879	158.764	158.770			6
2026.05.19	01:02:53.180	158.766	158.771			6
2026.05.19	01:02:53.484	158.764	158.769			6
2026.05.19	01:02:53.787	158.766	158.771			6
2026.05.19	01:02:54.982	158.765	158.770			6
2026.05.19	01:02:55.586	158.766	158.771			6
2026.05.19	01:02:56.788	158.765	158.770			6
2026.05.19	01:02:59.192	158.767	158.772			6
2026.05.19	01:02:59.492	158.766	158.771			6
2026.05.19	01:03:00.094	158.766				2
2026.05.19	01:03:06.403	158.767	158.772			6
2026.05.19	01:03:06.703	158.766	158.771			6
2026.05.19	01:03:16.324		158.770			4
2026.05.19	01:03:16.624	158.767	158.771			6
2026.05.19	01:03:17.527	158.765	158.769			6
2026.05.19	01:03:18.131		158.770			4
2026.05.19	01:03:19.330		158.769			4
2026.05.19	01:03:21.739	158.767	158.771			6
2026.05.19	01:03:22.338	158.768	158.772			6
2026.05.19	01:03:22.639	158.767	158.771			6
2026.05.19	01:03:22.937	158.768	158.772			6
2026.05.19	01:03:31.648	158.758	158.762			6
2026.05.19	01:03:31.945	158.759	158.763			6
2026.05.19	01:03:32.245		158.764			4
2026.05.19	01:03:32.848	158.760	158.765			6
2026.05.19	01:03:37.055	158.762	158.767			6
2026.05.19	01:03:39.460	158.759	158.764			6
2026.05.19	01:03:42.159		158.763			4
2026.05.19	01:03:47.573	158.762	158.766			6
2026.05.19	01:03:49.676	158.764	158.768			6
2026.05.19	01:03:49.977	158.763	158.767			6
2026.05.19	01:03:50.282	158.764	158.768			6
2026.05.19	01:03:50.577	158.762	158.766			6
2026.05.19	01:03:51.477	158.763	158.767			6
2026.05.19	01:04:00.185	158.761	158.765			6
2026.05.19	01:04:01.687	158.762	158.766			6
2026.05.19	01:04:03.191	158.763				2
2026.05.19	01:04:04.089	158.764	158.767			6
2026.05.19	01:04:04.397	158.761	158.764			6
2026.05.19	01:04:04.694	158.765	158.768			6
2026.05.19	01:04:04.996	158.770	158.773			6
2026.05.19	01:04:05.296		158.774			4
2026.05.19	01:04:07.998	158.771	158.775			6
2026.05.19	01:04:15.213		158.774			4
2026.05.19	01:04:16.418	158.768	158.771			6
2026.05.19	01:04:16.715	158.767	158.770			6
2026.05.19	01:04:17.316	158.766				2
2026.05.19	01:04:18.217		158.768			4
2026.05.19	01:04:18.519	158.769	158.773			6
2026.05.19	01:04:19.724	158.768	158.772			6
2026.05.19	01:04:21.528	158.769	158.773			6
2026.05.19	01:04:23.631	158.770	158.774			6
2026.05.19	01:04:26.336	158.771				2
2026.05.19	01:04:27.535	158.767	158.770			6
2026.05.19	01:04:27.833	158.766	158.769			6
2026.05.19	01:04:28.135		158.770			4
2026.05.19	01:04:28.435	158.767	158.771			6
2026.05.19	01:04:30.241		158.770			4
2026.05.19	01:04:32.651	158.768	158.771			6
2026.05.19	01:04:32.948	158.769	158.772			6
2026.05.19	01:04:37.153	158.768	158.771			6
2026.05.19	01:04:39.558	158.767	158.770			6
2026.05.19	01:04:40.758	158.769	158.772			6
2026.05.19	01:04:43.462	158.766	158.769			6
2026.05.19	01:04:44.063	158.768	158.771			6
2026.05.19	01:04:44.662	158.767	158.770			6
2026.05.19	01:04:47.068	158.768	158.771			6
2026.05.19	01:04:49.768	158.769	158.772			6
2026.05.19	01:04:50.071	158.770	158.773			6
2026.05.19	01:04:50.669	158.769	158.772			6
2026.05.19	01:04:50.970	158.767	158.770			6
2026.05.19	01:04:54.571	158.768	158.771			6
2026.05.19	01:04:56.679	158.767	158.770			6
2026.05.19	01:04:57.277		158.769			4
2026.05.19	01:05:00.280	158.766	158.768			6
2026.05.19	01:05:01.781	158.765	158.767			6
2026.05.19	01:05:03.882	158.767	158.769			6
2026.05.19	01:05:04.485	158.766	158.768			6
2026.05.19	01:05:13.201	158.767				2
2026.05.19	01:05:20.727	158.765	158.766			6
2026.05.19	01:05:21.025	158.766	158.767			6
2026.05.19	01:05:21.325	158.768	158.769			6
2026.05.19	01:05:24.334	158.766	158.767			6
2026.05.19	01:05:24.935	158.768	158.769			6
2026.05.19	01:05:25.233	158.769	158.770			6
2026.05.19	01:05:28.240	158.770	158.771			6
2026.05.19	01:05:28.839	158.769	158.770			6
2026.05.19	01:05:34.555	158.770	158.771			6
2026.05.19	01:05:34.856	158.769	158.770			6
2026.05.19	01:05:36.657	158.768	158.769			6
2026.05.19	01:05:46.572	158.769	158.770			6
2026.05.19	01:05:47.472	158.770	158.771			6
2026.05.19	01:05:47.774	158.771	158.772			6
2026.05.19	01:05:48.075	158.772	158.773			6
2026.05.19	01:06:00.096	158.772				2
2026.05.19	01:06:00.996	158.768	158.769			6
2026.05.19	01:06:01.296	158.769	158.770			6
2026.05.19	01:06:01.596	158.768	158.769			6
2026.05.19	01:06:04.004	158.766	158.767			6
2026.05.19	01:06:04.304	158.768	158.769			6
2026.05.19	01:06:04.907	158.767	158.768			6
2026.05.19	01:06:14.234	158.766	158.767			6
2026.05.19	01:06:23.247	158.770	158.771			6
2026.05.19	01:06:23.549	158.768	158.769			6
2026.05.19	01:06:23.849	158.766	158.767			6
2026.05.19	01:06:24.749	158.765	158.766			6
2026.05.19	01:06:25.051	158.764	158.765			6
2026.05.19	01:06:25.351	158.765	158.766			6
2026.05.19	01:06:25.652	158.767	158.768			6
2026.05.19	01:06:29.261	158.765	158.766			6
2026.05.19	01:06:29.560	158.768	158.769			6
2026.05.19	01:06:29.860	158.766	158.767			6
2026.05.19	01:06:30.161	158.767	158.768			6
2026.05.19	01:06:35.567	158.766	158.767			6
2026.05.19	01:06:35.868	158.762	158.763			6
2026.05.19	01:06:36.170	158.765	158.766			6
2026.05.19	01:06:36.472	158.766	158.767			6
2026.05.19	01:06:38.271	158.765	158.766			6
2026.05.19	01:06:39.173	158.766	158.767			6
2026.05.19	01:06:53.292	158.771	158.772			6
2026.05.19	01:06:53.596	158.775	158.776			6
2026.05.19	01:06:53.894	158.772	158.773			6
2026.05.19	01:06:54.196	158.778	158.779			6
2026.05.19	01:06:59.604	158.779	158.780			6
2026.05.19	01:07:00.205	158.779				2
2026.05.19	01:07:00.807	158.783	158.784			6
2026.05.19	01:07:02.912	158.784	158.785			6
2026.05.19	01:07:03.212	158.781	158.782			6
2026.05.19	01:07:03.512	158.780	158.781			6
2026.05.19	01:07:04.712	158.779	158.780			6
2026.05.19	01:07:06.817	158.780	158.781			6
2026.05.19	01:07:07.422	158.782	158.783			6
2026.05.19	01:07:07.719	158.781	158.782			6
2026.05.19	01:07:08.020	158.780	158.781			6
2026.05.19	01:07:12.534	158.779	158.780			6
2026.05.19	01:07:13.437	158.780	158.781			6
2026.05.19	01:07:20.646	158.782	158.783			6
2026.05.19	01:07:21.548	158.788	158.789			6
2026.05.19	01:07:21.846	158.781	158.782			6
2026.05.19	01:07:22.746	158.778	158.779			6
2026.05.19	01:07:23.349	158.779	158.780			6
2026.05.19	01:07:23.949	158.781	158.782			6
2026.05.19	01:07:24.552	158.780	158.781			6
2026.05.19	01:07:26.957	158.781	158.782			6
2026.05.19	01:07:27.263	158.779	158.780			6
2026.05.19	01:07:48.281	158.780	158.781			6
2026.05.19	01:08:00.006	158.779	158.780			6
2026.05.19	01:08:05.427	158.781	158.782			6
2026.05.19	01:08:05.728	158.782	158.783			6
2026.05.19	01:08:18.663	158.781	158.782			6
2026.05.19	01:08:19.568	158.780	158.781			6
2026.05.19	01:08:35.791	158.781	158.782			6
2026.05.19	01:08:39.094	158.784	158.785			6
2026.05.19	01:08:39.396	158.792	158.793			6
2026.05.19	01:08:39.696	158.793	158.794			6
2026.05.19	01:08:40.895	158.799	158.800			6
2026.05.19	01:08:43.602	158.801	158.802			6
2026.05.19	01:08:43.901	158.802	158.803			6
2026.05.19	01:08:44.203	158.798	158.799			6
2026.05.19	01:08:44.505	158.794	158.795			6
2026.05.19	01:08:44.807	158.793	158.794			6
2026.05.19	01:08:45.407	158.799	158.800			6
2026.05.19	01:08:45.710	158.800	158.801			6
2026.05.19	01:08:46.013	158.802	158.803			6
2026.05.19	01:08:46.312	158.803	158.804			6
2026.05.19	01:09:00.158	158.803				2
2026.05.19	01:09:05.568	158.804	158.805			6
2026.05.19	01:09:05.861	158.803	158.804			6
2026.05.19	01:09:06.460	158.802	158.803			6
2026.05.19	01:09:12.173	158.804	158.805			6
2026.05.19	01:09:14.275	158.803	158.804			6
2026.05.19	01:09:25.399	158.804	158.805			6
2026.05.19	01:09:25.700	158.805	158.806			6
2026.05.19	01:09:34.440	158.804	158.805			6
2026.05.19	01:09:34.739	158.803	158.804			6
2026.05.19	01:09:36.240	158.805	158.806			6
2026.05.19	01:09:49.468	158.804	158.805			6
2026.05.19	01:10:00.281	158.804				2
2026.05.19	01:10:02.080	158.806	158.807			6
2026.05.19	01:10:02.986	158.805	158.806			6
2026.05.19	01:10:05.692	158.804	158.805			6
2026.05.19	01:10:05.990	158.803	158.804			6
2026.05.19	01:10:06.297	158.797	158.798			6
2026.05.19	01:10:06.594	158.793	158.794			6
2026.05.19	01:10:06.898	158.794	158.795			6
2026.05.19	01:10:07.195	158.795	158.796			6
2026.05.19	01:10:09.596	158.794	158.795			6
2026.05.19	01:10:17.415	158.793	158.794			6
2026.05.19	01:10:17.715	158.791	158.792			6
2026.05.19	01:10:18.916	158.793	158.794			6
2026.05.19	01:10:19.218	158.795	158.796			6
2026.05.19	01:10:24.935	158.796	158.797			6
2026.05.19	01:10:26.138	158.795	158.796			6
2026.05.19	01:10:27.038	158.793	158.794			6
2026.05.19	01:10:27.641	158.791	158.792			6
2026.05.19	01:10:33.651	158.790	158.791			6
2026.05.19	01:10:47.475	158.791	158.792			6
2026.05.19	01:10:53.786	158.792	158.793			6
2026.05.19	01:10:54.086	158.791	158.792			6
2026.05.19	01:10:54.686	158.792	158.793			6
2026.05.19	01:10:56.192	158.791	158.792			6
2026.05.19	01:10:57.389	158.793	158.794			6
2026.05.19	01:11:00.094	158.793				2
2026.05.19	01:11:00.396	158.792	158.793			6
2026.05.19	01:11:00.695	158.794	158.795			6
2026.05.19	01:11:01.297	158.793	158.794			6
2026.05.19	01:11:11.217	158.792	158.793			6
2026.05.19	01:11:13.622	158.793	158.794			6
2026.05.19	01:11:16.629	158.791	158.792			6
2026.05.19	01:11:23.250	158.793	158.794			6
2026.05.19	01:11:25.049	158.792	158.793			6
2026.05.19	01:11:37.372	158.791	158.792			6
2026.05.19	01:11:37.971	158.792	158.793			6
2026.05.19	01:11:44.279	158.791	158.792			6
2026.05.19	01:11:45.780	158.793	158.794			6
2026.05.19	01:11:49.386	158.792	158.793			6
2026.05.19	01:11:55.409	158.793	158.794			6
2026.05.19	01:11:56.010	158.792	158.793			6
2026.05.19	01:11:56.909	158.793	158.794			6
2026.05.19	01:12:00.229	158.793				2
2026.05.19	01:12:00.824	158.792	158.793			6
2026.05.19	01:12:01.128	158.791	158.792			6
2026.05.19	01:12:11.042	158.792	158.793			6
2026.05.19	01:12:11.344	158.791	158.792			6
2026.05.19	01:12:17.648	158.792	158.793			6
2026.05.19	01:12:30.568	158.793	158.794			6
2026.05.19	01:12:38.079	158.794	158.795			6
2026.05.19	01:12:38.383	158.795	158.796			6
2026.05.19	01:12:38.685	158.794	158.795			6
2026.05.19	01:12:38.981	158.795	158.796			6
2026.05.19	01:12:39.282	158.794	158.795			6
2026.05.19	01:12:45.595	158.793	158.794			6
2026.05.19	01:12:53.119	158.794	158.795			6
2026.05.19	01:12:53.424	158.793	158.794			6
2026.05.19	01:12:58.236	158.795	158.796			6
2026.05.19	01:12:58.536	158.796	158.797			6
2026.05.19	01:12:58.838	158.795	158.796			6
2026.05.19	01:12:59.139	158.796	158.797			6
2026.05.19	01:13:00.042	158.796				2
2026.05.19	01:13:02.444	158.803	158.804			6
2026.05.19	01:13:02.744	158.804	158.805			6
2026.05.19	01:13:03.344	158.805	158.806			6
2026.05.19	01:13:06.348	158.806	158.807			6
2026.05.19	01:13:06.949	158.804	158.805			6
2026.05.19	01:13:07.549	158.806	158.807			6
2026.05.19	01:13:08.752	158.805	158.806			6
2026.05.19	01:13:12.960	158.804	158.805			6
2026.05.19	01:13:13.263	158.806	158.807			6
2026.05.19	01:13:13.564	158.805	158.806			6
2026.05.19	01:13:16.568	158.804	158.805			6
2026.05.19	01:13:20.175	158.803	158.804			6
2026.05.19	01:13:34.297	158.804	158.805			6
2026.05.19	01:13:48.445	158.805	158.806			6
2026.05.19	01:13:48.744	158.806	158.807			6
2026.05.19	01:13:52.355	158.807	158.808			6
2026.05.19	01:13:57.767	158.805	158.806			6
2026.05.19	01:14:00.169	158.805				2
2026.05.19	01:14:00.769	158.807	158.808			6
2026.05.19	01:14:01.674	158.806	158.807			6
2026.05.19	01:14:01.970	158.805	158.806			6
2026.05.19	01:14:02.871	158.804	158.805			6
2026.05.19	01:14:05.874	158.805	158.806			6
2026.05.19	01:14:14.286	158.806	158.807			6
2026.05.19	01:14:29.932	158.805	158.806			6
2026.05.19	01:14:32.949	158.804	158.805			6
2026.05.19	01:14:33.852	158.806	158.807			6
2026.05.19	01:14:44.080	158.807	158.808			6
2026.05.19	01:14:46.781	158.808	158.809			6
2026.05.19	01:14:47.081	158.806	158.807			6
2026.05.19	01:14:48.886	158.805	158.806			6
2026.05.19	01:14:57.000	158.806	158.807			6
2026.05.19	01:14:57.300	158.805	158.806			6
2026.05.19	01:15:00.004	158.805				2
2026.05.19	01:15:05.117	158.804	158.805			6
2026.05.19	01:15:15.646	158.803	158.804			6
2026.05.19	01:15:17.152	158.804	158.805			6
2026.05.19	01:15:18.353	158.805	158.806			6
2026.05.19	01:15:18.956	158.804	158.805			6
2026.05.19	01:15:34.579	158.805	158.806			6
2026.05.19	01:15:34.878	158.806	158.807			6
2026.05.19	01:15:51.408	158.807	158.808			6
2026.05.19	01:15:51.707	158.805	158.806			6
2026.05.19	01:16:00.147	158.805				2
2026.05.19	01:16:01.646	158.808	158.809			6
2026.05.19	01:16:12.760	158.807	158.808			6
2026.05.19	01:16:13.064	158.806	158.807			6
2026.05.19	01:16:16.067	158.804	158.805			6
2026.05.19	01:16:16.366	158.806	158.807			6
2026.05.19	01:16:25.977	158.804	158.805			6
2026.05.19	01:16:29.884	158.805	158.806			6
2026.05.19	01:16:35.295	158.806	158.807			6
2026.05.19	01:16:36.198	158.805	158.806			6
2026.05.19	01:16:42.530	158.806	158.807			6
2026.05.19	01:16:46.429	158.807	158.808			6
2026.05.19	01:16:47.032	158.805	158.806			6
2026.05.19	01:16:50.347	158.808	158.809			6
2026.05.19	01:16:50.648	158.805	158.806			6
2026.05.19	01:16:51.848	158.808	158.809			6
2026.05.19	01:16:52.449	158.805	158.806			6
2026.05.19	01:16:59.967	158.806	158.807			6
2026.05.19	01:17:00.271	158.807	158.808			6
2026.05.19	01:17:00.567	158.806	158.807			6
2026.05.19	01:17:04.475	158.805	158.806			6
2026.05.19	01:17:12.292	158.806	158.807			6
2026.05.19	01:17:12.594	158.805	158.806			6
2026.05.19	01:17:12.894	158.806	158.807			6
2026.05.19	01:17:13.194	158.805	158.806			6
2026.05.19	01:17:20.113	158.804	158.805			6
2026.05.19	01:17:22.523	158.802	158.803			6
2026.05.19	01:17:24.027	158.803	158.804			6
2026.05.19	01:17:37.570	158.802	158.803			6
2026.05.19	01:17:39.372	158.803	158.804			6
2026.05.19	01:17:39.673	158.804	158.805			6
2026.05.19	01:17:39.973	158.803	158.804			6
2026.05.19	01:18:00.139	158.803				2
2026.05.19	01:18:03.142	158.802	158.803			6
2026.05.19	01:18:08.861	158.803	158.804			6
2026.05.19	01:18:19.677	158.802	158.803			6
2026.05.19	01:18:19.977	158.803	158.804			6
2026.05.19	01:18:22.080	158.802	158.803			6
2026.05.19	01:18:23.285	158.803	158.804			6
2026.05.19	01:19:00.272	158.803				2
2026.05.19	01:19:05.677	158.804	158.805			6
2026.05.19	01:19:05.977	158.806	158.807			6
2026.05.19	01:19:07.179	158.805	158.806			6
2026.05.19	01:19:17.404	158.806	158.807			6
2026.05.19	01:19:19.509	158.804	158.805			6
2026.05.19	01:19:22.521	158.806	158.807			6
2026.05.19	01:19:22.819	158.803	158.804			6
2026.05.19	01:19:39.364	158.801	158.802			6
2026.05.19	01:19:45.971	158.802	158.803			6
2026.05.19	01:19:46.272	158.803	158.804			6
2026.05.19	01:20:00.096	158.803				2
2026.05.19	01:20:19.645	158.801	158.802			6
2026.05.19	01:20:26.559	158.802	158.803			6
2026.05.19	01:20:27.460	158.803	158.804			6
2026.05.19	01:20:27.757	158.804	158.805			6
2026.05.19	01:20:28.966	158.806	158.807			6
2026.05.19	01:20:30.160	158.805	158.806			6
2026.05.19	01:20:34.367	158.804	158.805			6
2026.05.19	01:20:35.570	158.802	158.803			6
2026.05.19	01:20:39.177	158.803	158.804			6
2026.05.19	01:20:39.478	158.804	158.805			6
2026.05.19	01:20:43.381	158.803	158.804			6
2026.05.19	01:20:47.889	158.806	158.807			6
2026.05.19	01:20:55.103	158.805	158.806			6
2026.05.19	01:20:58.725	158.806	158.807			6
2026.05.19	01:21:00.220	158.806				2
2026.05.19	01:21:02.626	158.804	158.805			6
2026.05.19	01:21:02.928	158.806	158.807			6
2026.05.19	01:21:04.432	158.805	158.806			6
2026.05.19	01:21:04.738	158.804	158.805			6
2026.05.19	01:21:05.038	158.805	158.806			6
2026.05.19	01:21:05.635	158.806	158.807			6
2026.05.19	01:21:09.848	158.805	158.806			6
2026.05.19	01:21:13.764	158.806	158.807			6
2026.05.19	01:21:14.965	158.805	158.806			6
2026.05.19	01:21:15.569	158.803	158.804			6
2026.05.19	01:21:15.865	158.802	158.803			6
2026.05.19	01:21:16.166	158.803	158.804			6
2026.05.19	01:21:29.688	158.804	158.805			6
2026.05.19	01:21:35.694	158.803	158.804			6
2026.05.19	01:21:46.831	158.802	158.803			6
2026.05.19	01:21:52.249	158.803	158.804			6
2026.05.19	01:21:56.758	158.804	158.805			6
2026.05.19	01:21:57.060	158.803	158.804			6
2026.05.19	01:22:00.063	158.803				2
2026.05.19	01:22:15.688	158.802	158.803			6
2026.05.19	01:22:23.808	158.801	158.802			6
2026.05.19	01:22:24.716	158.802	158.803			6
2026.05.19	01:22:35.848	158.803	158.804			6
2026.05.19	01:22:43.966	158.802	158.803			6
2026.05.19	01:22:44.868	158.803	158.804			6
2026.05.19	01:22:54.783	158.804	158.805			6
2026.05.19	01:22:55.684	158.805	158.806			6
2026.05.19	01:22:56.286	158.803	158.804			6
2026.05.19	01:22:56.588	158.802	158.803			6
2026.05.19	01:23:00.191	158.802				2
2026.05.19	01:23:06.518	158.803	158.804			6
2026.05.19	01:23:07.118	158.804	158.805			6
2026.05.19	01:23:08.625	158.803	158.804			6
2026.05.19	01:23:19.747	158.804	158.805			6
2026.05.19	01:23:23.049	158.803	158.804			6
2026.05.19	01:23:23.354	158.802	158.803			6
2026.05.19	01:23:30.866	158.804	158.805			6
2026.05.19	01:23:31.163	158.803	158.804			6
2026.05.19	01:23:42.584	158.804	158.805			6
2026.05.19	01:23:45.887	158.803	158.804			6
2026.05.19	01:24:00.041	158.803				2
2026.05.19	01:24:14.466	158.802	158.803			6
2026.05.19	01:24:35.533	158.803	158.804			6
2026.05.19	01:24:35.837	158.804	158.805			6
2026.05.19	01:24:36.135	158.802	158.803			6
2026.05.19	01:24:42.763	158.803	158.804			6
2026.05.19	01:24:43.360	158.793	158.794			6
2026.05.19	01:24:43.659	158.791	158.792			6
2026.05.19	01:24:43.960	158.789	158.790			6
2026.05.19	01:24:56.577	158.790	158.791			6
2026.05.19	01:25:00.185	158.790				2
2026.05.19	01:25:07.104	158.791	158.792			6
2026.05.19	01:25:07.706	158.790	158.791			6
2026.05.19	01:25:13.122	158.791	158.792			6
2026.05.19	01:25:14.026	158.790	158.791			6
2026.05.19	01:25:14.331	158.791	158.792			6
2026.05.19	01:25:41.395	158.790	158.791			6
2026.05.19	01:25:53.128	158.792	158.793			6
2026.05.19	01:25:57.038	158.790	158.791			6
2026.05.19	01:26:00.043	158.790				2
2026.05.19	01:26:11.165	158.791	158.792			6
2026.05.19	01:26:11.766	158.792	158.793			6
2026.05.19	01:26:12.667	158.791	158.792			6
2026.05.19	01:26:22.577	158.792	158.793			6
2026.05.19	01:26:23.179	158.791	158.792			6
2026.05.19	01:26:23.478	158.790	158.791			6
2026.05.19	01:26:33.415	158.791	158.792			6
2026.05.19	01:26:40.938	158.790	158.791			6
2026.05.19	01:27:00.180	158.790				2
2026.05.19	01:27:00.779	158.791	158.792			6
2026.05.19	01:27:04.087	158.790	158.791			6
2026.05.19	01:27:12.516	158.789	158.790			6
2026.05.19	01:27:19.136	158.790	158.791			6
2026.05.19	01:27:23.348	158.791	158.792			6
2026.05.19	01:27:32.065	158.790	158.791			6
2026.05.19	01:27:33.574	158.791	158.792			6
2026.05.19	01:27:35.072	158.790	158.791			6
2026.05.19	01:27:55.231	158.791	158.792			6
2026.05.19	01:27:55.532	158.792	158.793			6
2026.05.19	01:28:00.050	158.792				2
2026.05.19	01:28:01.550	158.791	158.792			6
2026.05.19	01:28:40.629	158.803	158.804			6
2026.05.19	01:28:40.923	158.804	158.805			6
2026.05.19	01:28:50.559	158.805	158.806			6
2026.05.19	01:28:51.762	158.804	158.805			6
2026.05.19	01:28:54.160	158.805	158.806			6
2026.05.19	01:28:54.759	158.804	158.805			6
2026.05.19	01:29:00.166	158.804				2
2026.05.19	01:29:04.379	158.814	158.815			6
2026.05.19	01:29:04.676	158.815	158.816			6
2026.05.19	01:29:09.489	158.816	158.817			6
2026.05.19	01:29:28.449	158.817	158.818			6
2026.05.19	01:29:33.864	158.816	158.817			6
2026.05.19	01:29:35.365	158.815	158.816			6
2026.05.19	01:29:35.660	158.816	158.817			6
2026.05.19	01:29:43.772	158.815	158.816			6
2026.05.19	01:29:52.195	158.816	158.817			6
2026.05.19	01:29:59.408	158.815	158.816			6
2026.05.19	01:30:00.015	158.815				2
2026.05.19	01:30:00.310	158.816	158.817			6
2026.05.19	01:30:00.610	158.815	158.816			6
2026.05.19	01:30:02.413	158.816	158.817			6
2026.05.19	01:30:03.918	158.817	158.818			6
2026.05.19	01:30:04.519	158.816	158.817			6
2026.05.19	01:30:23.472	158.815	158.816			6
2026.05.19	01:30:26.172	158.817	158.818			6
2026.05.19	01:30:26.778	158.816	158.817			6
2026.05.19	01:30:27.377	158.817	158.818			6
2026.05.19	01:30:28.579	158.818	158.819			6
2026.05.19	01:30:31.881	158.816	158.817			6
2026.05.19	01:30:46.006	158.817	158.818			6
2026.05.19	01:30:48.112	158.816	158.817			6
2026.05.19	01:30:52.021	158.817	158.818			6
2026.05.19	01:30:56.536	158.816	158.817			6
2026.05.19	01:31:00.155	158.816				2
2026.05.19	01:31:07.361	158.815	158.816			6
2026.05.19	01:31:11.269	158.814	158.815			6
2026.05.19	01:31:11.865	158.815	158.816			6
2026.05.19	01:31:23.285	158.816	158.817			6
2026.05.19	01:31:54.261	158.815	158.816			6
2026.05.19	01:32:00.275	158.815				2
2026.05.19	01:32:01.474	158.816	158.817			6
2026.05.19	01:32:03.872	158.815	158.816			6
2026.05.19	01:32:12.300	158.806	158.807			6
2026.05.19	01:32:12.896	158.805	158.806			6
2026.05.19	01:32:21.629	158.808	158.809			6
2026.05.19	01:32:21.935	158.815	158.816			6
2026.05.19	01:32:22.233	158.817	158.818			6
2026.05.19	01:32:23.135	158.815	158.816			6
2026.05.19	01:32:37.878	158.816	158.817			6
2026.05.19	01:32:39.680	158.814	158.815			6
2026.05.19	01:32:39.981	158.807	158.808			6
2026.05.19	01:32:45.085	158.809	158.811			6
2026.05.19	01:32:45.992	158.807	158.808			6
2026.05.19	01:32:55.629	158.805	158.806			6
2026.05.19	01:32:55.930	158.804	158.805			6
2026.05.19	01:32:57.736	158.805	158.806			6
2026.05.19	01:33:00.147	158.805				2
2026.05.19	01:33:00.453	158.804	158.805			6
2026.05.19	01:33:00.753	158.802	158.803			6
2026.05.19	01:33:05.558	158.801	158.802			6
2026.05.19	01:33:13.683	158.802	158.803			6
2026.05.19	01:33:13.983	158.803	158.804			6
2026.05.19	01:33:28.129	158.801	158.802			6
2026.05.19	01:33:30.839	158.802	158.803			6
2026.05.19	01:33:42.566	158.801	158.802			6
2026.05.19	01:33:42.869	158.802	158.803			6
2026.05.19	01:33:43.167	158.803	158.804			6
2026.05.19	01:33:47.372	158.802	158.803			6
2026.05.19	01:33:52.785	158.803	158.804			6
2026.05.19	01:33:57.895	158.801	158.802			6
2026.05.19	01:34:00.000	158.801				2
2026.05.19	01:34:00.899	158.803	158.804			6
2026.05.19	01:34:01.500	158.802	158.803			6
2026.05.19	01:34:18.664	158.803	158.804			6
2026.05.19	01:34:24.365	158.801	158.802			6
2026.05.19	01:34:24.665	158.802	158.803			6
2026.05.19	01:34:33.076	158.803	158.804			6
2026.05.19	01:34:33.375	158.804	158.805			6
2026.05.19	01:34:37.582	158.803	158.804			6
2026.05.19	01:34:37.881	158.801	158.802			6
2026.05.19	01:34:43.287	158.803	158.804			6
2026.05.19	01:34:44.491	158.802	158.803			6
2026.05.19	01:34:54.729	158.804	158.805			6
2026.05.19	01:34:57.437	158.805	158.806			6
2026.05.19	01:34:57.737	158.804	158.805			6
2026.05.19	01:35:00.149	158.804				2
2026.05.19	01:35:03.149	158.803	158.804			6
2026.05.19	01:35:04.956	158.806	158.807			6
2026.05.19	01:35:12.770	158.804	158.805			6
2026.05.19	01:35:13.376	158.803	158.804			6
2026.05.19	01:35:14.572	158.804	158.805			6
2026.05.19	01:35:19.981	158.805	158.806			6
2026.05.19	01:35:20.284	158.806	158.807			6
2026.05.19	01:35:23.285	158.804	158.805			6
2026.05.19	01:35:41.016	158.803	158.804			6
2026.05.19	01:35:41.919	158.802	158.803			6
2026.05.19	01:35:50.649	158.803	158.804			6
2026.05.19	01:35:58.466	158.794	158.795			6
2026.05.19	01:35:58.767	158.802	158.803			6
2026.05.19	01:35:59.067	158.803	158.804			6
2026.05.19	01:35:59.666	158.804	158.805			6
2026.05.19	01:36:00.274	158.804				2
2026.05.19	01:36:00.867	158.803	158.804			6
2026.05.19	01:36:02.673	158.804	158.805			6
2026.05.19	01:36:03.573	158.803	158.804			6
2026.05.19	01:36:08.081	158.804	158.805			6
2026.05.19	01:36:22.510	158.805	158.806			6
2026.05.19	01:36:33.948	158.804	158.805			6
2026.05.19	01:36:35.148	158.805	158.806			6
2026.05.19	01:36:36.348	158.804	158.805			6
2026.05.19	01:36:36.650	158.805	158.806			6
2026.05.19	01:36:41.462	158.804	158.805			6
2026.05.19	01:36:53.483	158.805	158.806			6
2026.05.19	01:36:58.288	158.804	158.805			6
2026.05.19	01:36:59.193	158.805	158.806			6
2026.05.19	01:37:00.097	158.805				2
2026.05.19	01:37:01.900	158.804	158.805			6
2026.05.19	01:37:14.839	158.805	158.806			6
2026.05.19	01:37:18.146	158.806	158.807			6
2026.05.19	01:37:21.750	158.805	158.806			6
2026.05.19	01:37:28.964	158.806	158.807			6
2026.05.19	01:37:33.773	158.805	158.806			6
2026.05.19	01:37:40.680	158.804	158.805			6
2026.05.19	01:37:41.281	158.803	158.804			6
2026.05.19	01:37:46.690	158.804	158.805			6
2026.05.19	01:37:46.994	158.803	158.804			6
2026.05.19	01:37:47.894	158.804	158.805			6
2026.05.19	01:38:00.235	158.804				2
2026.05.19	01:38:14.071	158.801	158.802			6
2026.05.19	01:38:14.365	158.794	158.795			6
2026.05.19	01:38:14.968	158.793	158.794			6
2026.05.19	01:38:15.268	158.794	158.795			6
2026.05.19	01:38:16.470	158.799	158.800			6
2026.05.19	01:38:16.773	158.801	158.802			6
2026.05.19	01:38:18.571	158.800	158.801			6
2026.05.19	01:38:18.871	158.801	158.802			6
2026.05.19	01:38:20.677	158.800	158.801			6
2026.05.19	01:38:22.177	158.801	158.802			6
2026.05.19	01:38:22.775	158.800	158.801			6
2026.05.19	01:38:27.583	158.801	158.802			6
2026.05.19	01:38:32.695	158.800	158.801			6
2026.05.19	01:38:38.707	158.801	158.802			6
2026.05.19	01:38:47.449	158.802	158.803			6
2026.05.19	01:38:57.067	158.801	158.802			6
2026.05.19	01:38:57.668	158.800	158.801			6
2026.05.19	01:39:00.078	158.800				2
2026.05.19	01:39:00.376	158.802	158.803			6
2026.05.19	01:39:00.976	158.800	158.801			6
2026.05.19	01:39:01.272	158.801	158.802			6
2026.05.19	01:39:02.478	158.800	158.801			6
2026.05.19	01:39:03.675	158.802	158.803			6
2026.05.19	01:39:03.983	158.801	158.802			6
2026.05.19	01:39:04.276	158.800	158.801			6
2026.05.19	01:39:15.399	158.799	158.800			6
2026.05.19	01:39:15.700	158.800	158.801			6
2026.05.19	01:39:16.304	158.799	158.800			6
2026.05.19	01:39:21.126	158.800	158.801			6
2026.05.19	01:39:24.137	158.801	158.802			6
2026.05.19	01:39:25.947	158.800	158.801			6
2026.05.19	01:39:41.889	158.801	158.802			6
2026.05.19	01:39:42.188	158.802	158.803			6
2026.05.19	01:39:44.895	158.801	158.802			6
2026.05.19	01:40:00.223	158.801				2
2026.05.19	01:40:45.005		158.802			4
2026.05.19	01:40:59.743	158.800	158.801			6
2026.05.19	01:41:00.043	158.800				2
2026.05.19	01:41:00.342	158.801	158.802			6
2026.05.19	01:41:01.845	158.802	158.803			6
2026.05.19	01:41:02.144	158.801	158.802			6
2026.05.19	01:41:12.063	158.802	158.803			6
2026.05.19	01:41:12.364	158.799	158.800			6
2026.05.19	01:41:12.665	158.800	158.801			6
2026.05.19	01:41:12.969	158.801	158.802			6
2026.05.19	01:41:26.486	158.802	158.803			6
2026.05.19	01:41:26.790	158.804	158.805			6
2026.05.19	01:41:27.088	158.803	158.804			6
2026.05.19	01:41:27.694	158.805	158.806			6
2026.05.19	01:41:27.991	158.804	158.805			6
2026.05.19	01:41:35.813	158.805	158.806			6
2026.05.19	01:41:36.416	158.804	158.805			6
2026.05.19	01:41:44.540	158.805	158.806			6
2026.05.19	01:41:44.840	158.806	158.807			6
2026.05.19	01:41:45.137	158.805	158.806			6
2026.05.19	01:41:47.252	158.806	158.807			6
2026.05.19	01:41:47.548	158.805	158.806			6
2026.05.19	01:41:47.848	158.806	158.807			6
2026.05.19	01:42:00.177	158.806				2
2026.05.19	01:42:00.473	158.804	158.805			6
2026.05.19	01:42:06.184	158.803	158.804			6
2026.05.19	01:42:08.580	158.804	158.805			6
2026.05.19	01:42:09.483	158.803	158.804			6
2026.05.19	01:42:10.381	158.804	158.805			6
2026.05.19	01:42:17.595	158.803	158.804			6
2026.05.19	01:42:18.495	158.804	158.805			6
2026.05.19	01:42:20.299	158.803	158.804			6
2026.05.19	01:42:20.897	158.804	158.805			6
2026.05.19	01:42:31.441	158.803	158.804			6
2026.05.19	01:42:38.652	158.804	158.805			6
2026.05.19	01:42:38.952	158.803	158.804			6
2026.05.19	01:42:50.378	158.804	158.805			6
2026.05.19	01:42:53.382	158.805	158.806			6
2026.05.19	01:42:53.683	158.804	158.805			6
2026.05.19	01:43:00.300	158.804				2
2026.05.19	01:43:22.580	158.805	158.806			6
2026.05.19	01:43:22.876	158.806	158.807			6
2026.05.19	01:43:37.903	158.807	158.808			6
2026.05.19	01:43:38.200	158.809	158.810			6
2026.05.19	01:43:49.335	158.808	158.809			6
2026.05.19	01:43:54.147	158.806	158.807			6
2026.05.19	01:43:57.459	158.807	158.808			6
2026.05.19	01:44:00.165	158.807				2
2026.05.19	01:44:02.573	158.809	158.810			6
2026.05.19	01:44:02.867	158.810	158.811			6
2026.05.19	01:44:18.495	158.806	158.807			6
2026.05.19	01:44:18.796	158.805	158.806			6
2026.05.19	01:44:23.917	158.804	158.805			6
2026.05.19	01:44:24.213	158.805	158.806			6
2026.05.19	01:44:24.814	158.806	158.807			6
2026.05.19	01:44:26.324	158.808	158.809			6
2026.05.19	01:44:26.626	158.807	158.808			6
2026.05.19	01:44:27.541	158.808	158.809			6
2026.05.19	01:44:31.440	158.812	158.813			6
2026.05.19	01:44:31.739	158.813	158.814			6
2026.05.19	01:44:39.558	158.811	158.812			6
2026.05.19	01:44:40.456	158.812	158.813			6
2026.05.19	01:44:40.757	158.811	158.812			6
2026.05.19	01:44:43.462	158.810	158.811			6
2026.05.19	01:44:48.576	158.811	158.812			6
2026.05.19	01:44:50.975	158.810	158.811			6
2026.05.19	01:44:51.880	158.811	158.812			6
2026.05.19	01:44:57.894	158.812	158.813			6
2026.05.19	01:44:58.183	158.816	158.817			6
2026.05.19	01:44:59.385	158.817	158.818			6
2026.05.19	01:45:00.287	158.817				2
2026.05.19	01:45:00.888	158.815	158.816			6
2026.05.19	01:45:07.510	158.816	158.817			6
2026.05.19	01:45:09.621	158.815	158.825			6
2026.05.19	01:45:09.925	158.816	158.817			6
2026.05.19	01:45:15.279	158.817	158.818			6
2026.05.19	01:45:19.162	158.816	158.817			6
2026.05.19	01:45:21.265	158.817	158.818			6
2026.05.19	01:45:23.967	158.815	158.816			6
2026.05.19	01:45:24.270	158.816	158.817			6
2026.05.19	01:45:25.172	158.817	158.818			6
2026.05.19	01:45:26.979	158.815	158.816			6
2026.05.19	01:45:27.583	158.817	158.818			6
2026.05.19	01:45:27.882	158.815	158.816			6
2026.05.19	01:45:30.286	158.816	158.817			6
2026.05.19	01:45:36.000	158.817	158.818			6
2026.05.19	01:45:40.829	158.816	158.817			6
2026.05.19	01:45:43.832	158.817	158.818			6
2026.05.19	01:45:44.133	158.816	158.817			6
2026.05.19	01:45:48.953	158.815	158.816			6
2026.05.19	01:45:49.260	158.816	158.817			6
2026.05.19	01:45:55.275	158.817	158.818			6
2026.05.19	01:45:58.872	158.816	158.817			6
2026.05.19	01:46:00.074	158.816				2
2026.05.19	01:46:00.681	158.818	158.819			6
2026.05.19	01:46:09.687	158.819	158.820			6
2026.05.19	01:46:11.785	158.818	158.819			6
2026.05.19	01:46:19.899	158.817	158.818			6
2026.05.19	01:46:20.202	158.818	158.819			6
2026.05.19	01:46:20.802	158.817	158.818			6
2026.05.19	01:46:21.104	158.816	158.817			6
2026.05.19	01:46:30.750	158.815	158.816			6
2026.05.19	01:46:34.957	158.816	158.817			6
2026.05.19	01:46:36.461	158.815	158.816			6
2026.05.19	01:46:39.465	158.816	158.817			6
2026.05.19	01:46:57.188	158.815	158.816			6
2026.05.19	01:47:00.191	158.815				2
2026.05.19	01:47:00.492	158.816	158.817			6
2026.05.19	01:47:02.895	158.815	158.816			6
2026.05.19	01:47:03.496	158.816	158.817			6
2026.05.19	01:47:11.326	158.815	158.816			6
2026.05.19	01:47:28.771	158.816	158.817			6
2026.05.19	01:47:29.377	158.815	158.816			6
2026.05.19	01:47:31.480	158.816	158.817			6
2026.05.19	01:47:32.980	158.815	158.816			6
2026.05.19	01:47:38.392	158.817	158.818			6
2026.05.19	01:47:40.790	158.816	158.817			6
2026.05.19	01:47:49.802	158.814	158.815			6
2026.05.19	01:47:50.105	158.815	158.816			6
2026.05.19	01:47:54.031	158.816	158.817			6
2026.05.19	01:48:00.042	158.816				2
2026.05.19	01:48:00.349	158.817	158.818			6
2026.05.19	01:48:04.848	158.816	158.817			6
2026.05.19	01:48:08.154	158.817	158.818			6
2026.05.19	01:48:11.759	158.816	158.817			6
2026.05.19	01:48:12.059	158.819	158.820			6
2026.05.19	01:48:12.368	158.818	158.819			6
2026.05.19	01:48:17.466	158.819	158.820			6
2026.05.19	01:48:21.075	158.818	158.819			6
2026.05.19	01:48:30.096	158.819	158.820			6
2026.05.19	01:48:30.997	158.818	158.819			6
2026.05.19	01:48:42.426	158.819	158.820			6
2026.05.19	01:48:42.727	158.818	158.819			6
2026.05.19	01:48:45.432	158.819	158.820			6
2026.05.19	01:48:48.743	158.817	158.818			6
2026.05.19	01:49:00.173	158.816	158.817			6
2026.05.19	01:49:09.792	158.817	158.818			6
2026.05.19	01:49:10.693	158.815	158.816			6
2026.05.19	01:49:12.795	158.816	158.817			6
2026.05.19	01:49:13.097	158.818	158.819			6
2026.05.19	01:49:27.548	158.817	158.818			6
2026.05.19	01:49:30.252	158.816	158.817			6
2026.05.19	01:49:30.556	158.815	158.816			6
2026.05.19	01:49:38.669	158.816	158.817			6
2026.05.19	01:49:49.779	158.818	158.819			6
2026.05.19	01:49:50.079	158.817	158.818			6
2026.05.19	01:49:59.998	158.805	158.806			6
2026.05.19	01:50:00.295	158.806	158.807			6
2026.05.19	01:50:02.408	158.805	158.806			6
2026.05.19	01:50:08.436	158.815	158.816			6
2026.05.19	01:50:08.732	158.817	158.818			6
2026.05.19	01:50:09.336		158.820			4
2026.05.19	01:50:09.937		158.818			4
2026.05.19	01:50:15.668	158.818	158.819			6
2026.05.19	01:50:32.197	158.817	158.818			6
2026.05.19	01:50:34.909	158.818	158.819			6
2026.05.19	01:50:47.551		158.820			4
2026.05.19	01:50:51.756	158.817	158.818			6
2026.05.19	01:50:53.260	158.818	158.819			6
2026.05.19	01:51:00.167	158.818				2
2026.05.19	01:51:07.682	158.816				2
2026.05.19	01:51:08.579	158.818				2
2026.05.19	01:51:18.203	158.817	158.818			6
2026.05.19	01:51:23.612	158.818	158.819			6
2026.05.19	01:51:38.659		158.820			4
2026.05.19	01:51:50.387	158.821	158.822			6
2026.05.19	01:51:50.684	158.830	158.831			6
2026.05.19	01:51:50.988	158.831	158.832			6
2026.05.19	01:51:51.282		158.833			4
2026.05.19	01:51:58.498	158.830				2
2026.05.19	01:51:59.399	158.831				2
2026.05.19	01:52:00.001	158.831				2
2026.05.19	01:52:00.607	158.832				2
2026.05.19	01:52:05.734		158.834			4
2026.05.19	01:52:08.151		158.833			4
2026.05.19	01:52:12.964		158.834			4
2026.05.19	01:52:13.265		158.833			4
2026.05.19	01:52:19.576		158.834			4
2026.05.19	01:52:31.607		158.833			4
2026.05.19	01:52:53.572	158.831	158.832			6
2026.05.19	01:53:00.180	158.830	158.831			6
2026.05.19	01:53:00.478	158.831	158.832			6
2026.05.19	01:53:08.587	158.830	158.831			6
2026.05.19	01:53:16.403	158.829	158.830			6
2026.05.19	01:53:17.604	158.824	158.825			6
2026.05.19	01:53:19.109		158.826			4
2026.05.19	01:53:23.322		158.825			4
2026.05.19	01:53:25.129	158.825	158.826			6
2026.05.19	01:53:31.440	158.826	158.827			6
2026.05.19	01:53:31.745	158.825	158.826			6
2026.05.19	01:53:35.649	158.830	158.831			6
2026.05.19	01:53:43.764	158.829	158.830			6
2026.05.19	01:53:45.567	158.831	158.832			6
2026.05.19	01:53:50.986	158.830	158.831			6
2026.05.19	01:53:51.590	158.831	158.832			6
2026.05.19	01:53:53.994	158.830	158.831			6
2026.05.19	01:54:00.011	158.830				2
2026.05.19	01:54:30.978	158.829	158.830			6
2026.05.19	01:54:47.515	158.830	158.831			6
2026.05.19	01:54:59.547	158.829	158.830			6
2026.05.19	01:55:00.156	158.829				2
2026.05.19	01:55:01.949	158.827	158.828			6
2026.05.19	01:55:02.553	158.829	158.830			6
2026.05.19	01:55:02.852	158.828	158.829			6
2026.05.19	01:55:25.690	158.829	158.830			6
2026.05.19	01:55:43.148	158.828	158.829			6
2026.05.19	01:55:49.156	158.829	158.830			6
2026.05.19	01:55:57.570	158.830	158.831			6
2026.05.19	01:55:57.870	158.829	158.830			6
2026.05.19	01:56:00.272	158.829				2
2026.05.19	01:56:06.287	158.830	158.831			6
2026.05.19	01:56:30.358	158.829	158.830			6
2026.05.19	01:56:33.063	158.830	158.831			6
2026.05.19	01:56:35.764	158.829	158.830			6
2026.05.19	01:56:57.998	158.826	158.827			6
2026.05.19	01:56:58.295	158.824	158.825			6
2026.05.19	01:57:00.096	158.824				2
2026.05.19	01:57:06.107	158.825	158.826			6
2026.05.19	01:57:07.312	158.828	158.829			6
2026.05.19	01:57:07.613	158.829	158.830			6
2026.05.19	01:57:14.842	158.828	158.829			6
2026.05.19	01:57:19.956	158.827	158.828			6
2026.05.19	01:57:20.853	158.828	158.829			6
2026.05.19	01:57:34.685	158.827	158.828			6
2026.05.19	01:57:35.290	158.828	158.829			6
2026.05.19	01:57:35.887	158.829	158.830			6
2026.05.19	01:58:00.265	158.829				2
2026.05.19	01:58:03.562	158.830	158.831			6
2026.05.19	01:58:13.487	158.829	158.830			6
2026.05.19	01:58:45.976	158.828	158.829			6
2026.05.19	01:58:49.576	158.829	158.830			6
2026.05.19	01:59:00.100	158.829				2
2026.05.19	01:59:16.361	158.830	158.831			6
2026.05.19	01:59:16.962	158.831	158.832			6
2026.05.19	01:59:30.498	158.829	158.830			6
2026.05.19	01:59:31.098	158.830	158.831			6
2026.05.19	01:59:51.260	158.831	158.832			6
2026.05.19	01:59:51.562	158.830	158.831			6
2026.05.19	02:00:00.278	158.830				2
2026.05.19	02:00:02.379	158.831	158.832			6
2026.05.19	02:00:02.985	158.830	158.831			6
2026.05.19	02:00:06.586	158.831	158.832			6
2026.05.19	02:00:07.186	158.836	158.837			6
2026.05.19	02:00:11.099	158.834	158.835			6
2026.05.19	02:00:12.296	158.833	158.834			6
2026.05.19	02:00:12.596	158.832	158.833			6
2026.05.19	02:00:13.799	158.831	158.832			6
2026.05.19	02:00:19.215	158.830	158.831			6
2026.05.19	02:00:20.715	158.831	158.832			6
2026.05.19	02:00:21.319	158.830	158.831			6
2026.05.19	02:00:21.619	158.831	158.832			6
2026.05.19	02:00:21.921	158.833	158.834			6
2026.05.19	02:00:26.431	158.835	158.836			6
2026.05.19	02:00:26.728	158.833	158.834			6
2026.05.19	02:00:27.031	158.831	158.832			6
2026.05.19	02:00:27.337	158.830	158.831			6
2026.05.19	02:00:28.833	158.831	158.832			6
2026.05.19	02:00:33.661	158.830	158.831			6
2026.05.19	02:00:40.575	158.833	158.834			6
2026.05.19	02:00:45.981	158.832	158.833			6
2026.05.19	02:00:51.996	158.834	158.835			6
2026.05.19	02:00:52.302	158.835	158.836			6
2026.05.19	02:01:00.122	158.835				2
2026.05.19	02:01:00.416	158.834	158.835			6
2026.05.19	02:01:01.328	158.835	158.836			6
2026.05.19	02:01:07.644	158.833	158.834			6
2026.05.19	02:01:07.948	158.835	158.836			6
2026.05.19	02:01:18.768	158.834	158.835			6
2026.05.19	02:01:29.885	158.835	158.836			6
2026.05.19	02:01:30.785	158.834	158.835			6
2026.05.19	02:01:32.596	158.836	158.837			6
2026.05.19	02:01:44.317	158.843	158.844			6
2026.05.19	02:01:45.223	158.842	158.843			6
2026.05.19	02:01:45.520	158.843	158.844			6
2026.05.19	02:01:46.123	158.842	158.843			6
2026.05.19	02:01:51.238	158.843	158.844			6
2026.05.19	02:01:54.540	158.841	158.842			6
2026.05.19	02:02:00.257	158.841				2
2026.05.19	02:02:02.659	158.840	158.841			6
2026.05.19	02:02:03.260	158.841	158.842			6
2026.05.19	02:02:03.557	158.843	158.844			6
2026.05.19	02:02:03.858	158.842	158.843			6
2026.05.19	02:02:18.278	158.841	158.842			6
2026.05.19	02:02:18.577	158.831	158.832			6
2026.05.19	02:02:18.877	158.830	158.831			6
2026.05.19	02:02:20.381	158.829	158.832			6
2026.05.19	02:02:21.285	158.828	158.830			6
2026.05.19	02:02:21.582	158.829	158.832			6
2026.05.19	02:02:25.193	158.828	158.831			6
2026.05.19	02:02:26.099	158.829	158.832			6
2026.05.19	02:02:26.396	158.828	158.831			6
2026.05.19	02:02:26.998	158.830	158.833			6
2026.05.19	02:02:27.297	158.831	158.834			6
2026.05.19	02:02:28.203		158.835			4
2026.05.19	02:02:28.500	158.829	158.833			6
2026.05.19	02:02:30.905	158.831				2
2026.05.19	02:02:31.206	158.829				2
2026.05.19	02:02:32.114		158.832			4
2026.05.19	02:02:35.132	158.830				2
2026.05.19	02:02:37.235	158.831				2
2026.05.19	02:02:37.538	158.830				2
2026.05.19	02:02:40.247	158.829				2
2026.05.19	02:02:46.266	158.831				2
2026.05.19	02:02:47.164	158.832	158.833			6
2026.05.19	02:03:00.083	158.832				2
2026.05.19	02:03:03.388	158.831				2
2026.05.19	02:03:06.094	158.830	158.831			6
2026.05.19	02:03:18.141		158.832			4
2026.05.19	02:03:18.441		158.831			4
2026.05.19	02:03:23.849		158.832			4
2026.05.19	02:03:25.276		158.831			4
2026.05.19	02:03:33.392	158.831	158.832			6
2026.05.19	02:03:33.693	158.832	158.833			6
2026.05.19	02:03:33.993	158.831	158.832			6
2026.05.19	02:03:34.894	158.832	158.833			6
2026.05.19	02:03:45.125	158.831	158.832			6
2026.05.19	02:03:51.133	158.832	158.833			6
2026.05.19	02:04:00.153	158.831	158.832			6
2026.05.19	02:04:00.453	158.832	158.833			6
2026.05.19	02:04:02.554	158.830	158.831			6
2026.05.19	02:04:08.270	158.829	158.830			6
2026.05.19	02:04:14.277	158.830	158.831			6
2026.05.19	02:04:59.376	158.829	158.830			6
2026.05.19	02:05:00.277	158.829				2
2026.05.19	02:05:00.878	158.830	158.831			6
2026.05.19	02:05:03.280	158.829	158.830			6
2026.05.19	02:05:08.990	158.830	158.831			6
2026.05.19	02:05:19.214	158.829	158.830			6
2026.05.19	02:05:40.563	158.830	158.831			6
2026.05.19	02:05:40.864	158.831	158.832			6
2026.05.19	02:05:42.966	158.830	158.831			6
2026.05.19	02:05:50.475	158.829	158.830			6
2026.05.19	02:05:53.779	158.830	158.831			6
2026.05.19	02:06:00.088	158.830				2
2026.05.19	02:06:15.425	158.831	158.832			6
2026.05.19	02:06:17.530	158.833	158.834			6
2026.05.19	02:06:18.431	158.832	158.833			6
2026.05.19	02:06:27.758	158.833	158.834			6
2026.05.19	02:06:38.273	158.832	158.833			6
2026.05.19	02:06:55.417	158.831	158.832			6
2026.05.19	02:07:00.233	158.830	158.831			6
2026.05.19	02:07:01.140	158.831	158.832			6
2026.05.19	02:07:01.440	158.832	158.833			6
2026.05.19	02:07:08.657	158.831	158.832			6
2026.05.19	02:07:14.363	158.832	158.833			6
2026.05.19	02:07:15.566	158.831	158.832			6
2026.05.19	02:07:24.881	158.832	158.833			6
2026.05.19	02:07:30.891	158.831	158.832			6
2026.05.19	02:07:41.122	158.832	158.833			6
2026.05.19	02:07:41.423	158.833	158.834			6
2026.05.19	02:07:44.128	158.832	158.833			6
2026.05.19	02:07:44.429	158.831	158.832			6
2026.05.19	02:07:47.133	158.830	158.831			6
2026.05.19	02:07:52.249	158.831	158.832			6
2026.05.19	02:07:52.550	158.832	158.833			6
2026.05.19	02:07:53.755	158.831	158.832			6
2026.05.19	02:07:54.055	158.830	158.831			6
2026.05.19	02:07:55.861	158.831	158.832			6
2026.05.19	02:07:58.565	158.830	158.831			6
2026.05.19	02:08:00.066	158.830				2
2026.05.19	02:08:16.594	158.831	158.832			6
2026.05.19	02:08:16.895	158.830	158.831			6
2026.05.19	02:08:31.042	158.832	158.833			6
2026.05.19	02:08:52.080	158.831	158.832			6
2026.05.19	02:09:00.193	158.831				2
2026.05.19	02:09:07.116	158.830	158.831			6
2026.05.19	02:09:12.842	158.831	158.832			6
2026.05.19	02:09:13.141	158.830	158.831			6
2026.05.19	02:09:35.088	158.831	158.832			6
2026.05.19	02:09:40.196	158.830	158.831			6
2026.05.19	02:09:40.497	158.829	158.830			6
2026.05.19	02:09:46.507	158.830	158.831			6
2026.05.19	02:09:58.541	158.831	158.832			6
2026.05.19	02:10:00.042	158.831				2
2026.05.19	02:10:18.086	158.832	158.833			6
2026.05.19	02:10:21.094	158.831	158.832			6
2026.05.19	02:10:23.203	158.830	158.831			6
2026.05.19	02:10:27.118	158.832	158.833			6
2026.05.19	02:10:31.629	158.831	158.832			6
2026.05.19	02:10:45.159	158.832	158.833			6
2026.05.19	02:10:45.459	158.831	158.832			6
2026.05.19	02:10:46.060	158.832	158.833			6
2026.05.19	02:10:46.663	158.831	158.832			6
2026.05.19	02:10:49.065	158.830	158.831			6
2026.05.19	02:10:55.377	158.831	158.832			6
2026.05.19	02:10:59.290	158.830	158.831			6
2026.05.19	02:11:00.192	158.830				2
2026.05.19	02:11:06.207	158.831	158.832			6
2026.05.19	02:11:51.911	158.830	158.831			6
2026.05.19	02:12:00.038	158.830				2
2026.05.19	02:12:14.768	158.831	158.832			6
2026.05.19	02:12:15.068	158.832	158.833			6
2026.05.19	02:12:21.676	158.833	158.834			6
2026.05.19	02:12:27.085	158.832	158.833			6
2026.05.19	02:12:30.091	158.833	158.834			6
2026.05.19	02:12:46.632	158.831	158.832			6
2026.05.19	02:12:46.936	158.832	158.833			6
2026.05.19	02:12:48.737	158.833	158.834			6
2026.05.19	02:12:49.639	158.832	158.833			6
2026.05.19	02:12:49.939	158.833	158.834			6
2026.05.19	02:12:50.240	158.832	158.833			6
2026.05.19	02:12:50.541	158.833	158.834			6
2026.05.19	02:13:00.169	158.833				2
2026.05.19	02:13:04.374	158.831	158.832			6
2026.05.19	02:13:05.276	158.832	158.833			6
2026.05.19	02:13:11.590	158.831	158.832			6
2026.05.19	02:13:19.110	158.832	158.833			6
2026.05.19	02:13:22.721	158.831	158.832			6
2026.05.19	02:13:25.130	158.832	158.833			6
2026.05.19	02:13:25.732	158.833	158.834			6
2026.05.19	02:13:30.248	158.832	158.833			6
2026.05.19	02:13:32.052	158.831	158.832			6
2026.05.19	02:13:38.966	158.832	158.833			6
2026.05.19	02:13:47.676	158.831	158.832			6
2026.05.19	02:13:50.979	158.832	158.833			6
2026.05.19	02:13:56.992	158.831	158.832			6
2026.05.19	02:13:57.894	158.830	158.831			6
2026.05.19	02:14:00.296	158.830				2
2026.05.19	02:14:25.570	158.831	158.832			6
2026.05.19	02:14:59.860	158.830	158.831			6
2026.05.19	02:15:00.161	158.830				2
2026.05.19	02:15:06.171	158.829	158.830			6
2026.05.19	02:15:10.680	158.831	158.832			6
2026.05.19	02:15:13.082	158.829	158.830			6
2026.05.19	02:15:14.886	158.830	158.831			6
2026.05.19	02:15:28.111	158.829	158.830			6
2026.05.19	02:15:28.412	158.830	158.831			6
2026.05.19	02:15:36.234	158.831	158.832			6
2026.05.19	02:16:00.286	158.831				2
2026.05.19	02:16:01.187	158.832	158.833			6
2026.05.19	02:16:15.335	158.831	158.832			6
2026.05.19	02:16:19.848	158.832	158.833			6
2026.05.19	02:16:21.655	158.831	158.832			6
2026.05.19	02:16:24.963	158.830	158.831			6
2026.05.19	02:16:26.470	158.832	158.833			6
2026.05.19	02:16:30.980	158.831	158.832			6
2026.05.19	02:16:31.280	158.830	158.831			6
2026.05.19	02:16:35.788	158.831	158.832			6
2026.05.19	02:16:41.793	158.830	158.831			6
2026.05.19	02:16:44.800	158.829	158.830			6
2026.05.19	02:16:46.609	158.830	158.831			6
2026.05.19	02:16:53.533	158.829	158.830			6
2026.05.19	02:16:55.037	158.830	158.831			6
2026.05.19	02:17:00.154	158.830				2
2026.05.19	02:17:01.358	158.829	158.830			6
2026.05.19	02:17:04.963	158.830	158.831			6
2026.05.19	02:17:05.564	158.829	158.830			6
2026.05.19	02:17:06.765	158.830	158.831			6
2026.05.19	02:17:07.066	158.829	158.830			6
2026.05.19	02:17:24.194	158.830	158.831			6
2026.05.19	02:17:24.496	158.829	158.830			6
2026.05.19	02:17:34.444	158.830	158.831			6
2026.05.19	02:17:37.148	158.831	158.832			6
2026.05.19	02:17:38.952	158.830	158.831			6
2026.05.19	02:17:43.465	158.829	158.830			6
2026.05.19	02:17:46.168	158.828	158.829			6
2026.05.19	02:17:46.468	158.831	158.832			6
2026.05.19	02:17:50.376	158.819	158.820			6
2026.05.19	02:17:51.575	158.820	158.821			6
2026.05.19	02:17:56.386	158.819				2
2026.05.19	02:17:57.286		158.820			4
2026.05.19	02:18:00.290	158.819				2
2026.05.19	02:18:02.391	158.820	158.821			6
2026.05.19	02:18:09.623	158.821	158.822			6
2026.05.19	02:18:12.030	158.820	158.821			6
2026.05.19	02:18:36.376	158.819	158.820			6
2026.05.19	02:18:42.994	158.820	158.821			6
2026.05.19	02:18:47.203	158.819	158.820			6
2026.05.19	02:18:50.512	158.820	158.821			6
2026.05.19	02:18:53.520	158.819	158.820			6
2026.05.19	02:19:00.134	158.819				2
2026.05.19	02:19:43.754	158.820	158.821			6
2026.05.19	02:19:45.855	158.819	158.820			6
2026.05.19	02:19:48.858	158.820	158.821			6
2026.05.19	02:19:51.563	158.819	158.820			6
2026.05.19	02:20:00.280	158.819				2
2026.05.19	02:20:05.988	158.818	158.819			6
2026.05.19	02:20:06.590	158.819	158.820			6
2026.05.19	02:20:09.293	158.818	158.819			6
2026.05.19	02:20:10.496	158.819	158.820			6
2026.05.19	02:20:14.409	158.818	158.819			6
2026.05.19	02:20:22.532	158.817	158.818			6
2026.05.19	02:20:34.863	158.819	158.820			6
2026.05.19	02:20:46.280	158.817	158.818			6
2026.05.19	02:20:52.892	158.818	158.819			6
2026.05.19	02:20:53.192	158.819	158.820			6
2026.05.19	02:20:54.393	158.818	158.819			6
2026.05.19	02:21:00.117	158.818				2
2026.05.19	02:21:05.542	158.819	158.820			6
2026.05.19	02:21:25.681	158.818	158.819			6
2026.05.19	02:21:34.994	158.817	158.818			6
2026.05.19	02:21:41.905	158.819	158.820			6
2026.05.19	02:21:42.205	158.818	158.819			6
2026.05.19	02:21:44.921	158.819	158.820			6
2026.05.19	02:21:50.038	158.818	158.819			6
2026.05.19	02:21:53.654	158.819	158.820			6
2026.05.19	02:21:54.255	158.818	158.819			6
2026.05.19	02:21:54.556	158.819	158.820			6
2026.05.19	02:21:55.759	158.818	158.819			6
2026.05.19	02:22:00.269	158.818				2
2026.05.19	02:22:05.376	158.819	158.820			6
2026.05.19	02:22:13.490	158.818	158.819			6
2026.05.19	02:22:24.624	158.810	158.811			6
2026.05.19	02:22:24.928	158.806	158.807			6
2026.05.19	02:22:25.227	158.804	158.808			6
2026.05.19	02:22:26.738	158.805				2
2026.05.19	02:22:36.965	158.808	158.809			6
2026.05.19	02:22:37.265	158.811	158.815			6
2026.05.19	02:22:37.865	158.812				2
2026.05.19	02:22:38.166		158.816			4
2026.05.19	02:22:43.579		158.818			4
2026.05.19	02:22:43.908		158.817			4
2026.05.19	02:22:45.415		158.816			4
2026.05.19	02:22:48.427	158.813	158.817			6
2026.05.19	02:23:00.160	158.813				2
2026.05.19	02:23:05.265		158.818			4
2026.05.19	02:23:08.571		158.816			4
2026.05.19	02:23:08.872	158.814	158.817			6
2026.05.19	02:23:09.172	158.816	158.819			6
2026.05.19	02:23:09.474		158.820			4
2026.05.19	02:23:11.880		158.819			4
2026.05.19	02:23:16.086	158.817				2
2026.05.19	02:23:32.338		158.818			4
2026.05.19	02:23:49.778		158.819			4
2026.05.19	02:23:57.586	158.816				2
2026.05.19	02:24:00.291	158.816				2
2026.05.19	02:24:03.297		158.818			4
2026.05.19	02:24:28.868		158.817			4
2026.05.19	02:24:35.777		158.818			4
2026.05.19	02:24:37.279		158.819			4
2026.05.19	02:24:42.383		158.818			4
2026.05.19	02:24:48.090	158.819	158.820			6
2026.05.19	02:25:00.116	158.819				2
2026.05.19	02:25:01.018	158.818	158.819			6
2026.05.19	02:25:01.619		158.820			4
2026.05.19	02:25:09.144	158.817	158.818			6
2026.05.19	02:25:10.345	158.818	158.819			6
2026.05.19	02:25:11.546	158.809	158.811			6
2026.05.19	02:25:11.845		158.810			4
2026.05.19	02:25:12.147		158.811			4
2026.05.19	02:25:12.447		158.813			4
2026.05.19	02:25:13.948	158.808	158.812			6
2026.05.19	02:25:14.248	158.811	158.813			6
2026.05.19	02:25:14.547		158.814			4
2026.05.19	02:25:14.848	158.812	158.815			6
2026.05.19	02:25:19.960	158.811				2
2026.05.19	02:25:20.260		158.814			4
2026.05.19	02:25:22.670	158.810	158.811			6
2026.05.19	02:25:22.967	158.806	158.809			6
2026.05.19	02:25:23.266		158.807			4
2026.05.19	02:25:24.169		158.808			4
2026.05.19	02:25:25.070		158.809			4
2026.05.19	02:25:27.476		158.808			4
2026.05.19	02:25:28.076	158.804				2
2026.05.19	02:25:32.887	158.805				2
2026.05.19	02:25:37.393	158.804				2
2026.05.19	02:25:38.894	158.805				2
2026.05.19	02:25:41.305	158.804				2
2026.05.19	02:25:46.427		158.807			4
2026.05.19	02:25:49.130		158.806			4
2026.05.19	02:25:49.431	158.803	158.807			6
2026.05.19	02:25:49.731		158.806			4
2026.05.19	02:25:52.824		158.807			4
2026.05.19	02:25:53.726	158.804				2
2026.05.19	02:26:00.050	158.804				2
2026.05.19	02:26:10.876		158.808			4
2026.05.19	02:26:11.175	158.805	158.809			6
2026.05.19	02:26:19.285		158.808			4
2026.05.19	02:26:21.691	158.806				2
2026.05.19	02:26:21.991		158.807			4
2026.05.19	02:26:23.495		158.808			4
2026.05.19	02:26:25.599		158.807			4
2026.05.19	02:26:26.200		158.809			4
2026.05.19	02:26:28.611	158.807				2
2026.05.19	02:26:32.823		158.810			4
2026.05.19	02:26:34.025		158.809			4
2026.05.19	02:26:42.448	158.805				2
2026.05.19	02:26:42.748	158.806				2
2026.05.19	02:26:51.765		158.808			4
2026.05.19	02:27:00.177	158.806				2
2026.05.19	02:27:08.898	158.807				2
2026.05.19	02:27:14.312	158.806	158.807			6
2026.05.19	02:27:18.519		158.808			4
2026.05.19	02:27:35.057		158.807			4
2026.05.19	02:27:38.363	158.807	158.809			6
2026.05.19	02:27:38.663	158.806	158.807			6
2026.05.19	02:27:42.569		158.808			4
2026.05.19	02:27:43.170		158.807			4
2026.05.19	02:27:51.286	158.807	158.808			6
2026.05.19	02:28:00.013	158.807				2
2026.05.19	02:28:01.522	158.806	158.807			6
2026.05.19	02:28:02.122	158.811	158.812			6
2026.05.19	02:28:03.326	158.809				2
2026.05.19	02:28:03.625		158.810			4
2026.05.19	02:28:04.226		158.811			4
2026.05.19	02:28:09.648	158.811	158.812			6
2026.05.19	02:28:09.948	158.815	158.816			6
2026.05.19	02:28:10.251	158.814	158.817			6
2026.05.19	02:28:10.855	158.815	158.818			6
2026.05.19	02:28:11.154		158.819			4
2026.05.19	02:28:12.657	158.817	158.820			6
2026.05.19	02:28:21.678		158.819			4
2026.05.19	02:28:33.398		158.818			4
2026.05.19	02:28:38.513	158.810	158.813			6
2026.05.19	02:28:38.812	158.811	158.814			6
2026.05.19	02:28:39.114		158.815			4
2026.05.19	02:28:47.846		158.814			4
2026.05.19	02:28:48.746		158.815			4
2026.05.19	02:28:49.346		158.816			4
2026.05.19	02:28:50.248		158.815			4
2026.05.19	02:28:58.066		158.814			4
2026.05.19	02:28:59.267		158.815			4
2026.05.19	02:29:00.169	158.811				2
2026.05.19	02:29:03.475		158.814			4
2026.05.19	02:29:08.582		158.813			4
2026.05.19	02:29:15.493		158.815			4
2026.05.19	02:29:27.220		158.814			4
2026.05.19	02:29:30.525	158.813	158.815			6
2026.05.19	02:29:31.727	158.812	158.814			6
2026.05.19	02:29:32.930		158.815			4
2026.05.19	02:29:36.246		158.814			4
2026.05.19	02:29:39.560		158.813			4
2026.05.19	02:29:39.858	158.809	158.812			6
2026.05.19	02:29:40.158	158.810	158.811			6
2026.05.19	02:29:40.458	158.811	158.813			6
2026.05.19	02:30:00.292	158.811	158.812			6
2026.05.19	02:30:02.395		158.813			4
2026.05.19	02:30:06.607	158.812				2
2026.05.19	02:30:07.509	158.811				2
2026.05.19	02:30:07.809	158.812				2
2026.05.19	02:30:15.635		158.814			4
2026.05.19	02:30:15.937		158.813			4
2026.05.19	02:30:16.539	158.813	158.814			6
2026.05.19	02:30:16.841	158.811	158.813			6
2026.05.19	02:30:17.141	158.808	158.809			6
2026.05.19	02:30:21.047	158.807				2
2026.05.19	02:30:21.347		158.808			4
2026.05.19	02:30:28.560	158.806	158.807			6
2026.05.19	02:30:29.461	158.807	158.808			6
2026.05.19	02:31:00.136	158.807				2
2026.05.19	02:31:02.841	158.806	158.807			6
2026.05.19	02:31:05.847	158.812	158.813			6
2026.05.19	02:31:06.148	158.813	158.814			6
2026.05.19	02:31:07.348	158.812	158.816			6
2026.05.19	02:31:08.848		158.815			4
2026.05.19	02:31:18.171		158.814			4
2026.05.19	02:31:20.873	158.814	158.816			6
2026.05.19	02:31:21.473		158.817			4
2026.05.19	02:31:31.084		158.818			4
2026.05.19	02:31:31.386		158.816			4
2026.05.19	02:31:31.688	158.810	158.813			6
2026.05.19	02:31:31.990		158.811			4
2026.05.19	02:31:32.289	158.813	158.814			6
2026.05.19	02:31:32.590		158.816			4
2026.05.19	02:31:34.093	158.814				2
2026.05.19	02:31:34.393		158.818			4
2026.05.19	02:31:34.693		158.817			4
2026.05.19	02:31:41.306		158.816			4
2026.05.19	02:31:46.734		158.817			4
2026.05.19	02:31:59.663		158.816			4
2026.05.19	02:32:00.263	158.814				2
2026.05.19	02:32:00.863		158.818			4
2026.05.19	02:32:01.469	158.819	158.820			6
2026.05.19	02:32:02.970		158.821			4
2026.05.19	02:32:09.578		158.820			4
2026.05.19	02:32:12.583		158.821			4
2026.05.19	02:32:19.798		158.820			4
2026.05.19	02:32:29.728	158.821	158.822			6
2026.05.19	02:32:30.325		158.824			4
2026.05.19	02:32:30.625		158.822			4
2026.05.19	02:32:32.726	158.820				2
2026.05.19	02:32:33.026	158.821	158.825			6
2026.05.19	02:32:33.328	158.827	158.829			6
2026.05.19	02:32:33.627	158.831	158.832			6
2026.05.19	02:32:33.928		158.834			4
2026.05.19	02:32:34.230		158.835			4
2026.05.19	02:32:34.531		158.836			4
2026.05.19	02:32:39.576		158.835			4
2026.05.19	02:32:40.478		158.834			4
2026.05.19	02:32:43.482		158.835			4
2026.05.19	02:32:43.785		158.836			4
2026.05.19	02:32:49.799		158.835			4
2026.05.19	02:33:00.037	158.831				2
2026.05.19	02:33:03.343		158.834			4
2026.05.19	02:33:09.355	158.830	158.835			6
2026.05.19	02:33:11.760	158.831				2
2026.05.19	02:33:21.076		158.834			4
2026.05.19	02:33:21.376		158.835			4
2026.05.19	02:33:31.293		158.834			4
2026.05.19	02:33:31.895		158.835			4
2026.05.19	02:33:45.447		158.834			4
2026.05.19	02:33:59.274		158.833			4
2026.05.19	02:34:00.179	158.831				2
2026.05.19	02:34:05.284	158.829	158.831			6
2026.05.19	02:34:05.584		158.832			4
2026.05.19	02:34:12.213	158.819	158.821			6
2026.05.19	02:34:12.512		158.822			4
2026.05.19	02:34:12.813	158.818	158.820			6
2026.05.19	02:34:13.113		158.822			4
2026.05.19	02:34:26.747		158.821			4
2026.05.19	02:34:36.363		158.822			4
2026.05.19	02:34:40.623		158.819			4
2026.05.19	02:34:40.924		158.822			4
2026.05.19	02:34:41.223		158.819			4
2026.05.19	02:34:41.524		158.822			4
2026.05.19	02:34:42.124		158.821			4
2026.05.19	02:34:43.630		158.820			4
2026.05.19	02:34:46.638		158.821			4
2026.05.19	02:34:53.558		158.822			4
2026.05.19	02:35:00.220	158.818				2
2026.05.19	02:35:13.308	158.817	158.821			6
2026.05.19	02:35:17.223		158.822			4
2026.05.19	02:35:27.294		158.821			4
2026.05.19	02:35:35.123		158.820			4
2026.05.19	02:35:39.032		158.821			4
2026.05.19	02:35:42.341	158.818	158.822			6
2026.05.19	02:35:42.641	158.817	158.821			6
2026.05.19	02:35:44.743		158.820			4
2026.05.19	02:35:45.344		158.821			4
2026.05.19	02:35:48.652	158.816				2
2026.05.19	02:35:50.754	158.812	158.818			6
2026.05.19	02:35:51.055	158.813	158.819			6
2026.05.19	02:35:51.355	158.812	158.818			6
2026.05.19	02:35:52.256	158.813	158.817			6
2026.05.19	02:35:52.555	158.814	158.819			6
2026.05.19	02:36:00.068	158.814				2
2026.05.19	02:36:00.368		158.818			4
2026.05.19	02:36:02.770		158.819			4
2026.05.19	02:36:05.178		158.820			4
2026.05.19	02:36:13.293		158.819			4
2026.05.19	02:36:27.130	158.815	158.820			6
2026.05.19	02:36:34.947	158.814	158.819			6
2026.05.19	02:36:35.248	158.815				2
2026.05.19	02:36:39.459	158.814	158.818			6
2026.05.19	02:36:46.671		158.817			4
2026.05.19	02:36:46.971	158.816	158.820			6
2026.05.19	02:36:54.480		158.819			4
2026.05.19	02:36:54.780		158.820			4
2026.05.19	02:37:00.192	158.816				2
2026.05.19	02:37:03.195	158.817				2
2026.05.19	02:37:06.200		158.819			4
2026.05.19	02:37:09.203		158.820			4
2026.05.19	02:37:23.356	158.818				2
2026.05.19	02:37:33.263	158.817	158.819			6
2026.05.19	02:37:34.164	158.818	158.820			6
2026.05.19	02:37:34.464	158.817	158.819			6
2026.05.19	02:37:37.473		158.818			4
2026.05.19	02:37:44.077		158.819			4
2026.05.19	02:37:48.586	158.818	158.820			6
2026.05.19	02:37:49.186		158.819			4
2026.05.19	02:38:00.014	158.818				2
2026.05.19	02:38:20.460	158.820	158.821			6
2026.05.19	02:38:20.763	158.819	158.820			6
2026.05.19	02:38:27.074	158.820	158.821			6
2026.05.19	02:38:27.374	158.819	158.820			6
2026.05.19	02:38:45.395	158.818	158.819			6
2026.05.19	02:38:47.809	158.819	158.820			6
2026.05.19	02:38:55.032	158.820	158.821			6
2026.05.19	02:39:00.140	158.820				2
2026.05.19	02:39:27.179	158.819	158.820			6
2026.05.19	02:39:29.585	158.818	158.819			6
2026.05.19	02:39:35.895	158.817	158.818			6
2026.05.19	02:39:37.098	158.818	158.819			6
2026.05.19	02:39:42.225	158.819	158.820			6
2026.05.19	02:39:45.240	158.820	158.821			6
2026.05.19	02:39:45.833	158.823	158.824			6
2026.05.19	02:39:46.132	158.824	158.825			6
2026.05.19	02:39:50.348	158.822	158.823			6
2026.05.19	02:39:50.950	158.823	158.824			6
2026.05.19	02:39:51.249	158.824	158.825			6
2026.05.19	02:39:51.859	158.823	158.824			6
2026.05.19	02:39:54.859	158.824	158.825			6
2026.05.19	02:39:55.165	158.823	158.824			6
2026.05.19	02:40:00.269	158.823				2
2026.05.19	02:40:03.273	158.827	158.828			6
2026.05.19	02:40:03.576	158.829	158.830			6
2026.05.19	02:40:06.576	158.828	158.829			6
2026.05.19	02:40:11.686	158.829	158.830			6
2026.05.19	02:40:13.493	158.828	158.829			6
2026.05.19	02:40:28.240	158.829	158.830			6
2026.05.19	02:40:28.534	158.830	158.831			6
2026.05.19	02:40:37.862	158.829	158.830			6
2026.05.19	02:41:00.099	158.829				2
2026.05.19	02:41:03.706	158.828	158.829			6
2026.05.19	02:41:08.521	158.829	158.830			6
2026.05.19	02:41:11.230	158.828	158.829			6
2026.05.19	02:41:41.585	158.820	158.821			6
2026.05.19	02:41:41.885	158.819	158.820			6
2026.05.19	02:41:50.005	158.818	158.819			6
2026.05.19	02:41:55.721	158.817	158.818			6
2026.05.19	02:41:56.328	158.818	158.819			6
2026.05.19	02:41:57.225	158.817	158.818			6
2026.05.19	02:41:57.524	158.818	158.819			6
2026.05.19	02:42:00.240	158.818				2
2026.05.19	02:42:00.542	158.827	158.828			6
2026.05.19	02:42:00.841	158.828	158.829			6
2026.05.19	02:42:01.142		158.831			4
2026.05.19	02:42:02.352	158.829	158.832			6
2026.05.19	02:42:06.255	158.828				2
2026.05.19	02:42:08.667	158.824	158.828			6
2026.05.19	02:42:11.369	158.827				2
2026.05.19	02:42:11.671		158.829			4
2026.05.19	02:42:33.325		158.828			4
2026.05.19	02:42:35.128		158.830			4
2026.05.19	02:42:35.437		158.831			4
2026.05.19	02:42:41.447		158.830			4
2026.05.19	02:42:43.850	158.824	158.828			6
2026.05.19	02:42:44.149		158.827			4
2026.05.19	02:42:57.671		158.828			4
2026.05.19	02:42:58.277		158.829			4
2026.05.19	02:43:00.087	158.824				2
2026.05.19	02:43:03.096		158.828			4
2026.05.19	02:43:03.998	158.827	158.830			6
2026.05.19	02:43:05.201		158.831			4
2026.05.19	02:43:10.334		158.830			4
2026.05.19	02:43:13.943	158.818	158.822			6
2026.05.19	02:43:14.245	158.817	158.821			6
2026.05.19	02:43:15.147	158.816	158.823			6
2026.05.19	02:43:27.536		158.821			4
2026.05.19	02:43:29.340		158.823			4
2026.05.19	02:43:34.457		158.822			4
2026.05.19	02:43:44.372		158.823			4
2026.05.19	02:43:53.354		158.822			4
2026.05.19	02:43:54.855		158.821			4
2026.05.19	02:43:55.455		158.823			4
2026.05.19	02:44:09.126	158.816				2
2026.05.19	02:44:09.469		158.822			4
2026.05.19	02:44:12.176	158.818	158.823			6
2026.05.19	02:44:15.416	158.817				2
2026.05.19	02:44:18.722	158.819				2
2026.05.19	02:44:19.024	158.817				2
2026.05.19	02:44:21.432		158.822			4
2026.05.19	02:44:25.339		158.823			4
2026.05.19	02:44:26.539		158.822			4
2026.05.19	02:44:28.343	158.818	158.821			6
2026.05.19	02:44:28.643		158.823			4
2026.05.19	02:44:29.244		158.824			4
2026.05.19	02:44:31.859	158.819				2
2026.05.19	02:44:32.159	158.824	158.825			6
2026.05.19	02:44:32.460	158.825	158.829			6
2026.05.19	02:44:34.261	158.826	158.832			6
2026.05.19	02:44:40.873		158.831			4
2026.05.19	02:44:42.676		158.832			4
2026.05.19	02:44:51.393		158.831			4
2026.05.19	02:44:58.319		158.829			4
2026.05.19	02:44:58.619	158.829	158.831			6
2026.05.19	02:45:00.123	158.826	158.829			6
2026.05.19	02:45:00.423	158.829	158.831			6
2026.05.19	02:45:00.724	158.826				2
2026.05.19	02:45:15.454		158.832			4
2026.05.19	02:45:20.565	158.827				2
2026.05.19	02:45:20.866	158.828	158.833			6
2026.05.19	02:45:22.669	158.829	158.834			6
2026.05.19	02:45:22.969		158.835			4
2026.05.19	02:45:24.169	158.830				2
2026.05.19	02:45:31.077		158.834			4
2026.05.19	02:45:51.215		158.833			4
2026.05.19	02:46:00.244	158.830				2
2026.05.19	02:46:01.748		158.832			4
2026.05.19	02:46:05.654		158.833			4
2026.05.19	02:46:05.955		158.834			4
2026.05.19	02:46:06.256		158.833			4
2026.05.19	02:46:08.358	158.831	158.834			6
2026.05.19	02:46:08.658	158.830	158.833			6
2026.05.19	02:46:08.958	158.831	158.834			6
2026.05.19	02:46:10.159		158.833			4
2026.05.19	02:46:11.060	158.830				2
2026.05.19	02:46:13.163	158.831	158.834			6
2026.05.19	02:46:13.463	158.830	158.833			6
2026.05.19	02:46:22.176		158.832			4
2026.05.19	02:46:35.096	158.831				2
2026.05.19	02:46:36.898	158.830	158.831			6
2026.05.19	02:46:45.029	158.831	158.832			6
2026.05.19	02:46:45.330	158.832	158.833			6
2026.05.19	02:46:45.630	158.831	158.832			6
2026.05.19	02:46:47.137	158.832	158.833			6
2026.05.19	02:46:48.938	158.831	158.832			6
2026.05.19	02:47:00.053	158.831				2
2026.05.19	02:47:00.653	158.834	158.835			6
2026.05.19	02:47:00.952	158.832	158.833			6
2026.05.19	02:47:01.252	158.831	158.832			6
2026.05.19	02:47:05.459	158.832	158.833			6
2026.05.19	02:47:05.759	158.831	158.832			6
2026.05.19	02:47:10.566	158.832	158.833			6
2026.05.19	02:47:12.969	158.830	158.831			6
2026.05.19	02:47:13.270	158.831	158.832			6
2026.05.19	02:47:14.470	158.830	158.831			6
2026.05.19	02:47:19.881	158.833	158.834			6
2026.05.19	02:47:43.637	158.832	158.833			6
2026.05.19	02:47:43.938	158.831	158.832			6
2026.05.19	02:48:00.176	158.830	158.831			6
2026.05.19	02:48:13.395	158.828	158.829			6
2026.05.19	02:48:31.445	158.829	158.830			6
2026.05.19	02:48:32.047	158.828	158.829			6
2026.05.19	02:48:32.347	158.829	158.830			6
2026.05.19	02:48:32.647	158.828	158.829			6
2026.05.19	02:48:34.452	158.829	158.830			6
2026.05.19	02:48:38.058	158.828	158.829			6
2026.05.19	02:48:39.861	158.829	158.830			6
2026.05.19	02:48:46.171	158.831	158.832			6
2026.05.19	02:48:46.471	158.832	158.833			6
2026.05.19	02:48:50.076	158.831	158.832			6
2026.05.19	02:48:51.578	158.830	158.831			6
2026.05.19	02:49:00.293	158.830				2
2026.05.19	02:49:01.194	158.835	158.836			6
2026.05.19	02:49:01.495	158.836	158.837			6
2026.05.19	02:49:01.795	158.837	158.838			6
2026.05.19	02:49:02.096	158.840	158.841			6
2026.05.19	02:49:02.395	158.838	158.839			6
2026.05.19	02:49:03.297	158.837	158.838			6
2026.05.19	02:49:03.597	158.839	158.840			6
2026.05.19	02:49:03.898	158.838	158.839			6
2026.05.19	02:49:04.200	158.840	158.841			6
2026.05.19	02:49:04.500	158.841	158.842			6
2026.05.19	02:49:04.800	158.840	158.841			6
2026.05.19	02:49:11.111	158.841	158.842			6
2026.05.19	02:49:12.012	158.842	158.843			6
2026.05.19	02:49:12.315	158.843	158.844			6
2026.05.19	02:49:19.836	158.842	158.843			6
2026.05.19	02:49:23.146	158.843	158.844			6
2026.05.19	02:49:26.455	158.842	158.843			6
2026.05.19	02:49:30.363	158.843	158.844			6
2026.05.19	02:49:33.672	158.842	158.843			6
2026.05.19	02:49:35.176	158.843	158.844			6
2026.05.19	02:49:54.719	158.842	158.843			6
2026.05.19	02:50:00.129	158.836	158.837			6
2026.05.19	02:50:00.429	158.830	158.831			6
2026.05.19	02:50:01.334	158.828	158.835			6
2026.05.19	02:50:01.634	158.827				2
2026.05.19	02:50:02.236	158.828				2
2026.05.19	02:50:03.137		158.834			4
2026.05.19	02:50:03.738	158.829	158.835			6
2026.05.19	02:50:10.129	158.835	158.843			6
2026.05.19	02:50:10.429	158.839				2
2026.05.19	02:50:10.730	158.835	158.842			6
2026.05.19	02:50:11.812		158.841			4
2026.05.19	02:50:12.417	158.836				2
2026.05.19	02:50:13.623		158.842			4
2026.05.19	02:50:14.523	158.833	158.838			6
2026.05.19	02:50:14.825		158.837			4
2026.05.19	02:50:15.429	158.835	158.841			6
2026.05.19	02:50:15.729	158.836				2
2026.05.19	02:50:16.031		158.842			4
2026.05.19	02:50:17.324	158.835	158.841			6
2026.05.19	02:50:21.233		158.842			4
2026.05.19	02:50:22.666	158.834				2
2026.05.19	02:50:22.967	158.835				2
2026.05.19	02:50:24.451	158.834				2
2026.05.19	02:50:28.657	158.838	158.844			6
2026.05.19	02:50:28.958		158.845			4
2026.05.19	02:50:36.016		158.843			4
2026.05.19	02:50:37.419	158.841	158.847			6
2026.05.19	02:50:41.850		158.848			4
2026.05.19	02:50:48.693		158.847			4
2026.05.19	02:50:49.977		158.848			4
2026.05.19	02:50:50.278	158.843	158.849			6
2026.05.19	02:50:54.620	158.841	158.848			6
2026.05.19	02:50:57.164	158.844	158.849			6
2026.05.19	02:50:57.463	158.843				2
2026.05.19	02:50:57.858	158.842				2
2026.05.19	02:51:00.075	158.842				2
2026.05.19	02:51:00.375		158.848			4
2026.05.19	02:51:11.784	158.839	158.846			6
2026.05.19	02:51:12.084		158.845			4
2026.05.19	02:51:17.194		158.846			4
2026.05.19	02:51:21.764	158.838				2
2026.05.19	02:51:28.065	158.839	158.845			6
2026.05.19	02:51:28.968	158.842	158.848			6
2026.05.19	02:51:32.335	158.843				2
2026.05.19	02:51:33.554	158.842				2
2026.05.19	02:52:00.003	158.842				2
2026.05.19	02:52:12.499		158.846			4
2026.05.19	02:52:12.799	158.843	158.848			6
2026.05.19	02:52:13.100	158.842	158.846			6
2026.05.19	02:52:14.604	158.843	158.848			6
2026.05.19	02:52:14.905	158.842				2
2026.05.19	02:52:17.097		158.847			4
2026.05.19	02:52:17.699		158.848			4
2026.05.19	02:52:22.509	158.845	158.850			6
2026.05.19	02:52:22.810	158.844				2
2026.05.19	02:52:24.847	158.846	158.851			6
2026.05.19	02:52:40.877	158.842	158.849			6
2026.05.19	02:52:41.177		158.848			4
2026.05.19	02:52:47.790	158.841				2
2026.05.19	02:52:55.300		158.847			4
2026.05.19	02:53:00.120	158.841				2
2026.05.19	02:53:01.024	158.842				2
2026.05.19	02:53:02.228		158.848			4
2026.05.19	02:53:08.243	158.841	158.847			6
2026.05.19	02:53:13.354		158.846			4
2026.05.19	02:53:13.654	158.842	158.847			6
2026.05.19	02:53:29.276		158.846			4
2026.05.19	02:53:38.899	158.843	158.847			6
2026.05.19	02:53:43.109		158.846			4
2026.05.19	02:53:45.217	158.844	158.847			6
2026.05.19	02:53:48.831	158.843	158.846			6
2026.05.19	02:53:50.336	158.844	158.847			6
2026.05.19	02:53:53.048	158.843	158.846			6
2026.05.19	02:53:58.157		158.845			4
2026.05.19	02:54:00.262	158.843				2
2026.05.19	02:54:06.570	158.844	158.846			6
2026.05.19	02:54:06.870	158.846	158.848			6
2026.05.19	02:54:07.472	158.845	158.847			6
2026.05.19	02:54:14.383		158.846			4
2026.05.19	02:54:16.487	158.844	158.845			6
2026.05.19	02:54:17.392		158.846			4
2026.05.19	02:54:19.193		158.845			4
2026.05.19	02:54:26.710	158.845	158.846			6
2026.05.19	02:54:39.347	158.844	158.845			6
2026.05.19	02:54:41.148	158.843	158.844			6
2026.05.19	02:54:41.449	158.844	158.845			6
2026.05.19	02:54:50.767	158.845	158.846			6
2026.05.19	02:54:51.367	158.848	158.849			6
2026.05.19	02:54:51.667	158.847	158.848			6
2026.05.19	02:54:52.867	158.846	158.847			6
2026.05.19	02:54:55.571	158.845	158.846			6
2026.05.19	02:54:58.277	158.846	158.847			6
2026.05.19	02:54:59.478	158.845	158.846			6
2026.05.19	02:54:59.779	158.844	158.845			6
2026.05.19	02:55:00.080	158.844				2
2026.05.19	02:55:00.680	158.845	158.846			6
2026.05.19	02:55:01.282	158.853	158.854			6
2026.05.19	02:55:02.182	158.851	158.857			6
2026.05.19	02:55:05.184	158.850	158.856			6
2026.05.19	02:55:05.484	158.851	158.857			6
2026.05.19	02:55:09.689	158.852				2
2026.05.19	02:55:10.290		158.856			4
2026.05.19	02:55:13.293	158.855	158.858			6
2026.05.19	02:55:13.594		158.859			4
2026.05.19	02:55:14.194		158.860			4
2026.05.19	02:55:18.106		158.859			4
2026.05.19	02:55:23.222	158.854	158.858			6
2026.05.19	02:55:29.247	158.851	158.856			6
2026.05.19	02:55:32.253	158.850	158.855			6
2026.05.19	02:55:33.155	158.852	158.857			6
2026.05.19	02:55:34.058	158.851	158.856			6
2026.05.19	02:55:36.161	158.850	158.855			6
2026.05.19	02:55:44.576	158.851	158.856			6
2026.05.19	02:55:46.377	158.852	158.857			6
2026.05.19	02:55:46.978	158.853	158.858			6
2026.05.19	02:55:49.385		158.857			4
2026.05.19	02:55:53.597	158.855	158.859			6
2026.05.19	02:55:53.897	158.856	158.860			6
2026.05.19	02:55:55.099		158.861			4
2026.05.19	02:56:00.219	158.856				2
2026.05.19	02:56:01.421	158.857				2
2026.05.19	02:56:02.324	158.856				2
2026.05.19	02:56:05.332	158.857				2
2026.05.19	02:56:05.634	158.858				2
2026.05.19	02:56:06.840	158.857				2
2026.05.19	02:56:19.170		158.860			4
2026.05.19	02:56:20.973	158.856	158.859			6
2026.05.19	02:56:21.273	158.855	158.858			6
2026.05.19	02:56:22.173		158.859			4
2026.05.19	02:56:24.279		158.858			4
2026.05.19	02:56:32.095	158.856	158.859			6
2026.05.19	02:56:33.896	158.857	158.860			6
2026.05.19	02:56:35.098	158.861	158.862			6
2026.05.19	02:56:35.398	158.862	158.863			6
2026.05.19	02:56:35.700	158.866	158.869			6
2026.05.19	02:56:36.301		158.872			4
2026.05.19	02:56:37.891		158.871			4
2026.05.19	02:56:40.588		158.872			4
2026.05.19	02:56:41.934		158.871			4
2026.05.19	02:56:42.235		158.872			4
2026.05.19	02:56:43.140		158.873			4
2026.05.19	02:56:48.393	158.867				2
2026.05.19	02:56:55.424	158.864	158.865			6
2026.05.19	02:56:55.726	158.855	158.860			6
2026.05.19	02:56:56.326		158.861			4
2026.05.19	02:56:57.616	158.856				2
2026.05.19	02:57:00.470	158.856				2
2026.05.19	02:57:07.355	158.863	158.870			6
2026.05.19	02:57:08.409	158.865	158.871			6
2026.05.19	02:57:09.384	158.866	158.872			6
2026.05.19	02:57:10.739		158.871			4
2026.05.19	02:57:11.040		158.872			4
2026.05.19	02:57:17.331		158.871			4
2026.05.19	02:57:17.935	158.865				2
2026.05.19	02:57:18.534	158.866	158.872			6
2026.05.19	02:57:18.835		158.871			4
2026.05.19	02:57:28.798	158.865				2
2026.05.19	02:57:31.108	158.866				2
2026.05.19	02:57:34.199		158.872			4
2026.05.19	02:57:36.086		158.871			4
2026.05.19	02:57:36.386	158.865				2
2026.05.19	02:57:37.677		158.872			4
2026.05.19	02:57:41.455		158.871			4
2026.05.19	02:57:48.706	158.864				2
2026.05.19	02:57:51.266	158.865				2
2026.05.19	02:58:00.838	158.865				2
2026.05.19	02:58:01.138		158.870			4
2026.05.19	02:58:02.483		158.871			4
2026.05.19	02:58:04.993		158.870			4
2026.05.19	02:58:05.467		158.871			4
2026.05.19	02:58:06.776	158.866	158.872			6
2026.05.19	02:58:07.076		158.871			4
2026.05.19	02:58:10.408	158.865				2
2026.05.19	02:58:12.628		158.873			4
2026.05.19	02:58:14.846	158.866				2
2026.05.19	02:58:24.098		158.874			4
2026.05.19	02:58:28.112	158.868	158.875			6
2026.05.19	02:58:36.360		158.874			4
2026.05.19	02:58:37.110	158.867	158.873			6
2026.05.19	02:58:39.382	158.866				2
2026.05.19	02:58:43.465	158.868	158.875			6
2026.05.19	02:58:52.059	158.869	158.876			6
2026.05.19	02:58:53.265		158.875			4
2026.05.19	02:58:56.870	158.868				2
2026.05.19	02:58:59.847	158.869				2
2026.05.19	02:59:00.147	158.869				2
2026.05.19	02:59:02.248		158.874			4
2026.05.19	02:59:02.549		158.875			4
2026.05.19	02:59:04.954	158.868				2
2026.05.19	02:59:06.923	158.869				2
2026.05.19	02:59:12.333	158.867	158.873			6
2026.05.19	02:59:13.537		158.874			4
2026.05.19	02:59:14.081		158.873			4
2026.05.19	02:59:14.985	158.868	158.874			6
2026.05.19	02:59:16.487	158.869	158.875			6
2026.05.19	02:59:31.264		158.874			4
2026.05.19	02:59:39.381	158.870	158.875			6
2026.05.19	02:59:41.184	158.869	158.874			6
2026.05.19	02:59:41.784		158.873			4
2026.05.19	02:59:42.085		158.874			4
2026.05.19	02:59:46.252	158.870				2
2026.05.19	03:00:00.068	158.870				2
2026.05.19	03:00:00.371	158.873	158.876			6
2026.05.19	03:00:00.670	158.876	158.879			6
2026.05.19	03:00:01.270	158.878	158.882			6
2026.05.19	03:00:01.571	158.880	158.883			6
2026.05.19	03:00:01.870	158.879				2
2026.05.19	03:00:02.171		158.882			4
2026.05.19	03:00:02.771	158.873	158.878			6
2026.05.19	03:00:03.373		158.877			4
2026.05.19	03:00:03.674	158.868	158.872			6
2026.05.19	03:00:03.974	158.867				2
2026.05.19	03:00:04.575	158.868	158.873			6
2026.05.19	03:00:05.175	158.870	158.875			6
2026.05.19	03:00:05.475	158.869	158.874			6
2026.05.19	03:00:06.699	158.867	158.872			6
2026.05.19	03:00:13.014	158.866	158.870			6
2026.05.19	03:00:14.299		158.869			4
2026.05.19	03:00:15.270		158.870			4
2026.05.19	03:00:25.967		158.869			4
2026.05.19	03:00:26.267		158.870			4
2026.05.19	03:00:31.142		158.869			4
2026.05.19	03:00:34.296	158.861	158.865			6
2026.05.19	03:00:34.900	158.864				2
2026.05.19	03:00:35.198	158.865	158.869			6
2026.05.19	03:00:39.134		158.868			4
2026.05.19	03:00:39.734		158.869			4
2026.05.19	03:00:40.635	158.866				2
2026.05.19	03:00:44.731	158.864				2
2026.05.19	03:00:45.455	158.865				2
2026.05.19	03:00:47.133	158.869	158.872			6
2026.05.19	03:00:47.432		158.873			4
2026.05.19	03:00:48.857	158.872	158.876			6
2026.05.19	03:00:49.157	158.874	158.878			6
2026.05.19	03:00:50.358	158.873				2
2026.05.19	03:00:50.961	158.874	158.879			6
2026.05.19	03:00:51.563	158.876	158.881			6
2026.05.19	03:00:52.676	158.875	158.880			6
2026.05.19	03:00:53.800	158.876	158.881			6
2026.05.19	03:00:54.099	158.878	158.882			6
2026.05.19	03:00:57.008	158.880	158.884			6
2026.05.19	03:00:57.306	158.891	158.896			6
2026.05.19	03:00:57.604	158.890	158.895			6
2026.05.19	03:00:58.207	158.891	158.896			6
2026.05.19	03:00:58.508		158.895			4
2026.05.19	03:00:58.814	158.887	158.888			6
2026.05.19	03:00:59.108	158.881	158.886			6
2026.05.19	03:01:00.088	158.881				2
2026.05.19	03:01:02.214	158.882				2
2026.05.19	03:01:03.387	158.881	158.885			6
2026.05.19	03:01:03.687	158.880	158.884			6
2026.05.19	03:01:03.987	158.881	158.885			6
2026.05.19	03:01:05.188	158.880	158.884			6
2026.05.19	03:01:05.488	158.881	158.885			6
2026.05.19	03:01:06.091	158.882	158.886			6
2026.05.19	03:01:06.391	158.883	158.887			6
2026.05.19	03:01:06.692	158.887	158.891			6
2026.05.19	03:01:06.991	158.886	158.890			6
2026.05.19	03:01:08.525		158.891			4
2026.05.19	03:01:09.725		158.890			4
2026.05.19	03:01:11.226	158.885				2
2026.05.19	03:01:12.116	158.886				2
2026.05.19	03:01:13.617	158.887	158.891			6
2026.05.19	03:01:13.916	158.891	158.895			6
2026.05.19	03:01:14.722	158.892	158.896			6
2026.05.19	03:01:15.324		158.897			4
2026.05.19	03:01:15.624	158.891	158.896			6
2026.05.19	03:01:15.923	158.892				2
2026.05.19	03:01:17.125	158.891	158.895			6
2026.05.19	03:01:19.053	158.893	158.897			6
2026.05.19	03:01:19.353		158.898			4
2026.05.19	03:01:19.653	158.894				2
2026.05.19	03:01:19.953	158.893	158.897			6
2026.05.19	03:01:21.154	158.892	158.896			6
2026.05.19	03:01:21.454	158.890				2
2026.05.19	03:01:21.754	158.887	158.893			6
2026.05.19	03:01:22.655	158.881	158.886			6
2026.05.19	03:01:22.955	158.880				2
2026.05.19	03:01:23.856	158.879	158.885			6
2026.05.19	03:01:24.456	158.877	158.883			6
2026.05.19	03:01:27.397		158.882			4
2026.05.19	03:01:28.346		158.883			4
2026.05.19	03:01:31.193		158.882			4
2026.05.19	03:01:34.390	158.876				2
2026.05.19	03:01:35.407	158.877				2
2026.05.19	03:01:37.200	158.876				2
2026.05.19	03:01:38.702	158.870	158.873			6
2026.05.19	03:01:39.001	158.864	158.870			6
2026.05.19	03:01:39.302	158.865				2
2026.05.19	03:01:39.602	158.866	158.871			6
2026.05.19	03:01:41.189	158.865				2
2026.05.19	03:01:41.958		158.870			4
2026.05.19	03:01:42.259		158.871			4
2026.05.19	03:01:42.860	158.864	158.870			6
2026.05.19	03:01:43.889	158.865	158.871			6
2026.05.19	03:01:44.191		158.870			4
2026.05.19	03:01:44.492	158.864	158.869			6
2026.05.19	03:01:44.792		158.870			4
2026.05.19	03:01:45.091	158.865	158.871			6
2026.05.19	03:01:46.658	158.867				2
2026.05.19	03:01:53.953	158.866	158.870			6
2026.05.19	03:01:54.554	158.865	158.869			6
2026.05.19	03:01:54.854	158.864	158.868			6
2026.05.19	03:01:55.154	158.866	158.870			6
2026.05.19	03:01:57.250		158.871			4
2026.05.19	03:02:00.124	158.866				2
2026.05.19	03:02:00.424		158.870			4
2026.05.19	03:02:01.023	158.865				2
2026.05.19	03:02:01.324	158.866				2
2026.05.19	03:02:03.218		158.871			4
2026.05.19	03:02:03.818		158.870			4
2026.05.19	03:02:05.115		158.871			4
2026.05.19	03:02:06.015	158.867	158.872			6
2026.05.19	03:02:08.501		158.873			4
2026.05.19	03:02:09.703		158.872			4
2026.05.19	03:02:11.207		158.873			4
2026.05.19	03:02:12.446	158.869	158.874			6
2026.05.19	03:02:12.746		158.873			4
2026.05.19	03:02:13.047	158.868				2
2026.05.19	03:02:13.347	158.867				2
2026.05.19	03:02:14.403	158.871	158.876			6
2026.05.19	03:02:15.723	158.872				2
2026.05.19	03:02:16.024	158.871				2
2026.05.19	03:02:17.252	158.870	158.875			6
2026.05.19	03:02:17.729		158.876			4
2026.05.19	03:02:18.030	158.871				2
2026.05.19	03:02:18.330	158.870				2
2026.05.19	03:02:21.581	158.871				2
2026.05.19	03:02:22.182	158.870				2
2026.05.19	03:02:23.423	158.873	158.879			6
2026.05.19	03:02:23.723	158.875	158.880			6
2026.05.19	03:02:24.324	158.874				2
2026.05.19	03:02:24.624		158.879			4
2026.05.19	03:02:25.226	158.873				2
2026.05.19	03:02:25.525	158.871	158.876			6
2026.05.19	03:02:26.124		158.875			4
2026.05.19	03:02:26.424	158.870				2
2026.05.19	03:02:26.726	158.869				2
2026.05.19	03:02:29.428	158.875	158.879			6
2026.05.19	03:02:29.729		158.881			4
2026.05.19	03:02:30.332	158.873	158.879			6
2026.05.19	03:02:30.633	158.874				2
2026.05.19	03:02:30.933		158.880			4
2026.05.19	03:02:31.575	158.873	158.878			6
2026.05.19	03:02:33.979	158.874	158.879			6
2026.05.19	03:02:34.580		158.878			4
2026.05.19	03:02:35.780	158.875	158.880			6
2026.05.19	03:02:36.681	158.874	158.879			6
2026.05.19	03:02:37.409	158.873				2
2026.05.19	03:02:38.010	158.874				2
2026.05.19	03:02:40.872	158.875	158.880			6
2026.05.19	03:02:41.172	158.873	158.878			6
2026.05.19	03:02:41.472	158.874	158.879			6
2026.05.19	03:02:44.972	158.873	158.877			6
2026.05.19	03:02:45.272	158.872				2
2026.05.19	03:02:45.874		158.878			4
2026.05.19	03:02:46.174	158.873				2
2026.05.19	03:02:46.774		158.879			4
2026.05.19	03:02:47.075		158.878			4
2026.05.19	03:02:47.976	158.872	158.877			6
2026.05.19	03:02:49.477	158.868	158.873			6
2026.05.19	03:02:52.479	158.869	158.874			6
2026.05.19	03:02:55.168		158.873			4
2026.05.19	03:02:57.121	158.865	158.871			6
2026.05.19	03:02:57.420	158.860	158.866			6
2026.05.19	03:02:57.720	158.861				2
2026.05.19	03:02:58.021		158.867			4
2026.05.19	03:02:58.321	158.862				2
2026.05.19	03:02:58.622	158.860	158.865			6
2026.05.19	03:02:59.997	158.861	158.867			6
2026.05.19	03:03:00.298	158.862				2
2026.05.19	03:03:00.598	158.864	158.869			6
2026.05.19	03:03:00.899	158.865	158.871			6
2026.05.19	03:03:03.932	158.866				2
2026.05.19	03:03:04.233		158.872			4
2026.05.19	03:03:04.533	158.867				2
2026.05.19	03:03:05.640	158.866	158.870			6
2026.05.19	03:03:05.940	158.867	158.872			6
2026.05.19	03:03:08.571	158.866	158.871			6
2026.05.19	03:03:10.095		158.870			4
2026.05.19	03:03:10.395		158.871			4
2026.05.19	03:03:10.695	158.867	158.872			6
2026.05.19	03:03:11.956		158.873			4
2026.05.19	03:03:13.684		158.872			4
2026.05.19	03:03:14.332		158.871			4
2026.05.19	03:03:18.706		158.872			4
2026.05.19	03:03:22.032	158.868	158.873			6
2026.05.19	03:03:22.633		158.874			4
2026.05.19	03:03:23.233		158.873			4
2026.05.19	03:03:25.588	158.866	158.872			6
2026.05.19	03:03:27.094		158.871			4
2026.05.19	03:03:27.707		158.872			4
2026.05.19	03:03:30.620	158.867				2
2026.05.19	03:03:32.119	158.866				2
2026.05.19	03:03:32.421	158.867				2
2026.05.19	03:03:32.722		158.871			4
2026.05.19	03:03:36.817	158.875	158.879			6
2026.05.19	03:03:37.794		158.880			4
2026.05.19	03:03:38.461	158.874	158.879			6
2026.05.19	03:03:39.062	158.873	158.878			6
2026.05.19	03:03:39.362	158.874				2
2026.05.19	03:03:40.073	158.869	158.874			6
2026.05.19	03:03:40.892	158.868	158.873			6
2026.05.19	03:03:41.192	158.869	158.874			6
2026.05.19	03:03:44.338	158.868				2
2026.05.19	03:03:44.640		158.873			4
2026.05.19	03:03:45.542	158.869	158.874			6
2026.05.19	03:03:45.842	158.870	158.875			6
2026.05.19	03:03:47.042	158.869	158.874			6
