<DATE>	<TIME>	<BID>	<ASK>	<LAST>	<VOLUME>	<FLAGS>
2026.03.13	00:03:30.585	159.324	159.360			6
2026.03.13	00:03:32.290		159.355			4
2026.03.13	00:04:02.801	159.324	159.360			6
2026.03.13	00:04:47.209		159.355			4
2026.03.13	00:05:00.045	159.324				2
2026.03.13	00:05:17.541		159.362			4
2026.03.13	00:05:25.971		159.355			4
2026.03.13	00:05:56.340		159.362			4
2026.03.13	00:06:01.028	159.324				2
2026.03.13	00:06:23.098		159.355			4
2026.03.13	00:06:53.401		159.365			4
2026.03.13	00:07:00.174	159.324				2
2026.03.13	00:07:06.907		159.364			4
2026.03.13	00:07:21.713		159.355			4
2026.03.13	00:07:53.062		159.364			4
2026.03.13	00:08:05.240	159.324				2
2026.03.13	00:08:07.033		159.355			4
2026.03.13	00:08:38.367		159.364			4
2026.03.13	00:08:54.728		159.355			4
2026.03.13	00:09:00.420	159.324				2
2026.03.13	00:09:25.455		159.364			4
2026.03.13	00:09:25.759		159.355			4
2026.03.13	00:09:53.622	159.325				2
2026.03.13	00:09:56.339		159.365			4
2026.03.13	00:09:56.941	159.324				2
2026.03.13	00:09:59.740	159.325				2
2026.03.13	00:10:00.041	159.325				2
2026.03.13	00:10:01.555	159.326	159.363			6
2026.03.13	00:10:03.659	159.327				2
2026.03.13	00:10:05.160	159.328				2
2026.03.13	00:10:06.063	159.327				2
2026.03.13	00:10:11.770		159.393			4
2026.03.13	00:10:18.397	159.326	159.392			6
2026.03.13	00:10:19.607	159.325	159.391			6
2026.03.13	00:10:19.908	159.326	159.392			6
2026.03.13	00:10:27.134	159.323	159.389			6
2026.03.13	00:10:32.257	159.322	159.388			6
2026.03.13	00:10:48.495	159.323	159.389			6
2026.03.13	00:10:49.398	159.322	159.388			6
2026.03.13	00:11:00.243	159.322				2
2026.03.13	00:11:18.009	159.323	159.356			6
2026.03.13	00:11:18.897	159.324				2
2026.03.13	00:11:27.161		159.363			4
2026.03.13	00:11:37.014		159.356			4
2026.03.13	00:12:02.859	159.324				2
2026.03.13	00:12:07.694		159.366			4
2026.03.13	00:12:31.649		159.356			4
2026.03.13	00:13:00.125	159.324				2
2026.03.13	00:13:02.142		159.367			4
2026.03.13	00:13:14.824		159.369			4
2026.03.13	00:13:26.683	159.322				2
2026.03.13	00:13:31.805	159.323				2
2026.03.13	00:13:37.059	159.324				2
2026.03.13	00:14:01.027	159.324				2
2026.03.13	00:14:02.233		159.356			4
2026.03.13	00:14:32.606		159.370			4
2026.03.13	00:14:33.313	159.325	159.367			6
2026.03.13	00:14:52.547	159.324	159.365			6
2026.03.13	00:14:59.825	159.325	159.367			6
2026.03.13	00:15:00.130	159.324	159.365			6
2026.03.13	00:15:09.825	159.325	159.367			6
2026.03.13	00:15:12.849	159.324	159.381			6
2026.03.13	00:15:15.397	159.179	159.333			6
2026.03.13	00:15:15.697	159.165	159.315			6
2026.03.13	00:15:15.997	159.147	159.314			6
2026.03.13	00:15:16.297	159.132	159.344			6
2026.03.13	00:15:17.198	159.152	159.310			6
2026.03.13	00:15:18.102	159.165	159.323			6
2026.03.13	00:15:18.402	159.164	159.322			6
2026.03.13	00:15:20.206	159.162	159.328			6
2026.03.13	00:15:20.508	159.169	159.317			6
2026.03.13	00:15:20.809		159.318			4
2026.03.13	00:15:22.312		159.317			4
2026.03.13	00:15:22.913		159.318			4
2026.03.13	00:15:23.213	159.170	159.319			6
2026.03.13	00:15:26.226		159.320			4
2026.03.13	00:15:29.235	159.166	159.317			6
2026.03.13	00:15:29.536	159.165	159.320			6
2026.03.13	00:15:30.738	159.164	159.321			6
2026.03.13	00:15:31.939	159.159	159.313			6
2026.03.13	00:15:33.139		159.314			4
2026.03.13	00:15:33.740	159.216				2
2026.03.13	00:15:34.043		159.315			4
2026.03.13	00:15:37.048		159.328			4
2026.03.13	00:15:38.258		159.324			4
2026.03.13	00:15:39.161		159.325			4
2026.03.13	00:15:43.066		159.322			4
2026.03.13	00:15:45.473		159.318			4
2026.03.13	00:15:46.373	159.165				2
2026.03.13	00:15:46.974	159.216				2
2026.03.13	00:15:49.380	159.239	159.314			6
2026.03.13	00:15:49.680		159.317			4
2026.03.13	00:15:50.583	159.241				2
2026.03.13	00:15:51.786		159.318			4
2026.03.13	00:15:52.388	159.271	159.347			6
2026.03.13	00:16:00.165	159.271				2
2026.03.13	00:16:04.764	159.288	159.352			6
2026.03.13	00:16:07.265		159.358			4
2026.03.13	00:16:08.426		159.352			4
2026.03.13	00:16:24.052	159.281				2
2026.03.13	00:16:24.353	159.278				2
2026.03.13	00:16:24.954	159.289				2
2026.03.13	00:16:27.211	159.278				2
2026.03.13	00:16:27.511	159.276	159.342			6
2026.03.13	00:16:28.114	159.289				2
2026.03.13	00:16:28.415		159.343			4
2026.03.13	00:16:38.042		159.340			4
2026.03.13	00:16:40.444		159.341			4
2026.03.13	00:16:50.370		159.342			4
2026.03.13	00:16:59.692		159.343			4
2026.03.13	00:17:00.295	159.289	159.342			6
2026.03.13	00:17:07.820		159.341			4
2026.03.13	00:17:36.400		159.342			4
2026.03.13	00:17:51.759		159.341			4
2026.03.13	00:17:53.560	159.290				2
2026.03.13	00:17:53.860		159.340			4
2026.03.13	00:17:59.880		159.341			4
2026.03.13	00:18:00.181	159.290				2
2026.03.13	00:18:14.338		159.340			4
2026.03.13	00:18:32.387	159.295				2
2026.03.13	00:18:32.689	159.290				2
2026.03.13	00:18:32.990	159.295				2
2026.03.13	00:18:33.292	159.290				2
2026.03.13	00:18:33.592	159.295				2
2026.03.13	00:18:33.893	159.290				2
2026.03.13	00:18:34.193	159.295				2
2026.03.13	00:18:34.794	159.290				2
2026.03.13	00:18:35.094	159.295				2
2026.03.13	00:18:35.395	159.290				2
2026.03.13	00:18:35.695	159.295				2
2026.03.13	00:18:35.996	159.290				2
2026.03.13	00:18:54.362		159.344			4
2026.03.13	00:18:57.069		159.346			4
2026.03.13	00:19:00.086	159.290				2
2026.03.13	00:19:02.495		159.345			4
2026.03.13	00:19:11.227		159.340			4
2026.03.13	00:19:53.361		159.344			4
2026.03.13	00:19:53.662		159.343			4
2026.03.13	00:20:00.273	159.290	159.352			6
2026.03.13	00:21:01.028	159.290	159.352			6
2026.03.13	00:21:03.459		159.357			4
2026.03.13	00:21:53.311	159.289				2
2026.03.13	00:21:54.825		159.362			4
2026.03.13	00:22:00.159	159.289				2
2026.03.13	00:22:06.459		159.363			4
2026.03.13	00:22:07.555	159.251	159.334			6
2026.03.13	00:22:10.557	159.250				2
2026.03.13	00:22:11.157	159.251				2
2026.03.13	00:22:22.594	159.250				2
2026.03.13	00:22:26.205	159.242				2
2026.03.13	00:22:28.613	159.243				2
2026.03.13	00:22:31.618		159.338			4
2026.03.13	00:22:35.228	159.242				2
2026.03.13	00:22:48.758	159.243				2
2026.03.13	00:22:49.058	159.244				2
2026.03.13	00:22:57.772	159.243				2
2026.03.13	00:23:00.174	159.248				2
2026.03.13	00:23:01.380	159.250				2
2026.03.13	00:23:02.586	159.249				2
2026.03.13	00:23:03.489	159.248				2
2026.03.13	00:23:03.793		159.341			4
2026.03.13	00:23:04.092	159.249	159.345			6
2026.03.13	00:23:07.115		159.342			4
2026.03.13	00:23:10.432		159.343			4
2026.03.13	00:23:11.333		159.342			4
2026.03.13	00:23:13.442		159.341			4
2026.03.13	00:23:16.155		159.340			4
2026.03.13	00:23:20.363		159.342			4
2026.03.13	00:23:21.267		159.341			4
2026.03.13	00:23:27.587		159.340			4
2026.03.13	00:23:28.792		159.339			4
2026.03.13	00:23:32.697		159.340			4
2026.03.13	00:23:33.304		159.336			4
2026.03.13	00:23:40.236		159.335			4
2026.03.13	00:23:41.440		159.334			4
2026.03.13	00:23:46.554		159.336			4
2026.03.13	00:23:47.157		159.337			4
2026.03.13	00:23:48.358		159.336			4
2026.03.13	00:23:51.666		159.334			4
2026.03.13	00:23:53.469		159.335			4
2026.03.13	00:23:55.572		159.333			4
2026.03.13	00:23:56.473		159.332			4
2026.03.13	00:24:00.094	159.249	159.335			6
2026.03.13	00:24:00.396		159.333			4
2026.03.13	00:24:04.912		159.335			4
2026.03.13	00:24:07.625		159.334			4
2026.03.13	00:24:10.332		159.333			4
2026.03.13	00:24:20.558		159.331			4
2026.03.13	00:24:29.583		159.332			4
2026.03.13	00:24:33.798		159.333			4
2026.03.13	00:24:41.337		159.332			4
2026.03.13	00:24:54.582		159.331			4
2026.03.13	00:25:00.297	159.249	159.332			6
2026.03.13	00:25:04.215		159.330			4
2026.03.13	00:25:05.117		159.331			4
2026.03.13	00:25:06.320		159.332			4
2026.03.13	00:25:06.621		159.331			4
2026.03.13	00:25:06.921		159.329			4
2026.03.13	00:25:35.494		159.330			4
2026.03.13	00:25:46.944		159.329			4
2026.03.13	00:25:56.268		159.327			4
2026.03.13	00:25:59.270	159.250	159.328			6
2026.03.13	00:26:00.172	159.250				2
2026.03.13	00:26:01.073		159.327			4
2026.03.13	00:26:22.761	159.251				2
2026.03.13	00:27:00.108	159.251				2
2026.03.13	00:27:01.316		159.327			4
2026.03.13	00:27:11.547	159.250				2
2026.03.13	00:27:16.659	159.251				2
2026.03.13	00:27:17.261		159.326			4
2026.03.13	00:27:26.578		159.327			4
2026.03.13	00:27:30.496	159.252				2
2026.03.13	00:27:35.609	159.253				2
2026.03.13	00:27:42.230		159.330			4
2026.03.13	00:27:58.485		159.328			4
2026.03.13	00:28:00.287	159.253	159.329			6
2026.03.13	00:28:13.862	159.249	159.326			6
2026.03.13	00:28:24.394	159.253	159.328			6
2026.03.13	00:28:30.121		159.327			4
2026.03.13	00:28:31.024		159.328			4
2026.03.13	00:28:38.851		159.327			4
2026.03.13	00:28:41.259	159.255				2
2026.03.13	00:28:59.615		159.330			4
2026.03.13	00:29:00.216	159.255				2
2026.03.13	00:29:12.858		159.328			4
2026.03.13	00:29:34.217		159.329			4
2026.03.13	00:29:36.021		159.327			4
2026.03.13	00:29:39.631		159.347			4
2026.03.13	00:29:43.389		159.328			4
2026.03.13	00:29:47.001		159.347			4
2026.03.13	00:29:50.175		159.346			4
2026.03.13	00:30:00.070	159.255				2
2026.03.13	00:30:00.371	159.253				2
2026.03.13	00:30:00.972	159.252	159.339			6
2026.03.13	00:30:02.474	159.254	159.337			6
2026.03.13	00:30:02.774		159.341			4
2026.03.13	00:30:07.591	159.258	159.340			6
2026.03.13	00:30:08.794		159.341			4
2026.03.13	00:30:09.394		159.329			4
2026.03.13	00:30:09.994		159.331			4
2026.03.13	00:30:12.097	159.260	159.329			6
2026.03.13	00:30:18.133	159.261				2
2026.03.13	00:30:18.433		159.327			4
2026.03.13	00:30:19.939		159.328			4
2026.03.13	00:30:22.342	159.255	159.332			6
2026.03.13	00:30:22.642	159.261	159.324			6
2026.03.13	00:30:22.942		159.326			4
2026.03.13	00:30:23.547		159.329			4
2026.03.13	00:30:26.260		159.327			4
2026.03.13	00:30:27.459		159.349			4
2026.03.13	00:30:27.763	159.263				2
2026.03.13	00:30:31.059	159.264				2
2026.03.13	00:30:32.259	159.265				2
2026.03.13	00:30:38.568	159.267				2
2026.03.13	00:30:43.395	159.268				2
2026.03.13	00:30:45.806	159.269				2
2026.03.13	00:30:54.145	159.268				2
2026.03.13	00:30:55.396		159.328			4
2026.03.13	00:30:55.695	159.270	159.327			6
2026.03.13	00:30:56.297	159.269	159.329			6
2026.03.13	00:30:56.600	159.270	159.322			6
2026.03.13	00:30:56.901	159.271				2
2026.03.13	00:30:58.105	159.270	159.326			6
2026.03.13	00:30:58.707		159.325			4
2026.03.13	00:30:59.914		159.327			4
2026.03.13	00:31:00.213	159.270	159.329			6
2026.03.13	00:31:02.623		159.332			4
2026.03.13	00:31:03.827		159.328			4
2026.03.13	00:31:04.430	159.272	159.333			6
2026.03.13	00:31:04.730	159.270	159.341			6
2026.03.13	00:31:05.031		159.339			4
2026.03.13	00:31:05.330		159.340			4
2026.03.13	00:31:07.738		159.338			4
2026.03.13	00:31:17.061		159.339			4
2026.03.13	00:31:18.265		159.337			4
2026.03.13	00:31:18.566		159.340			4
2026.03.13	00:31:21.873	159.269	159.336			6
2026.03.13	00:31:22.173		159.335			4
2026.03.13	00:31:23.990	159.268	159.332			6
2026.03.13	00:31:25.496	159.269				2
2026.03.13	00:31:26.397		159.334			4
2026.03.13	00:31:27.910		159.333			4
2026.03.13	00:31:32.735	159.270				2
2026.03.13	00:31:33.637	159.269	159.349			6
2026.03.13	00:31:35.201	159.271				2
2026.03.13	00:31:42.479	159.272				2
2026.03.13	00:31:47.860	159.273				2
2026.03.13	00:32:00.159	159.273				2
2026.03.13	00:32:05.140	159.271				2
2026.03.13	00:32:08.246		159.350			4
2026.03.13	00:32:08.548		159.356			4
2026.03.13	00:32:08.850	159.272				2
2026.03.13	00:32:16.068		159.350			4
2026.03.13	00:32:23.143	159.271				2
2026.03.13	00:32:23.768		159.356			4
2026.03.13	00:32:24.068	159.272				2
2026.03.13	00:32:25.659	159.273				2
2026.03.13	00:32:29.283	159.271	159.357			6
2026.03.13	00:32:35.490	159.278	159.390			6
2026.03.13	00:32:35.791	159.284				2
2026.03.13	00:32:36.393	159.289	159.393			6
2026.03.13	00:32:36.693	159.291	159.391			6
2026.03.13	00:32:37.960		159.392			4
2026.03.13	00:32:39.459	159.290				2
2026.03.13	00:32:42.159	159.288	159.395			6
2026.03.13	00:32:44.859	159.287				2
2026.03.13	00:32:45.159		159.396			4
2026.03.13	00:32:46.659	159.286				2
2026.03.13	00:32:47.381	159.283	159.397			6
2026.03.13	00:32:50.559	159.282	159.398			6
2026.03.13	00:32:59.259	159.281				2
2026.03.13	00:32:59.559		159.399			4
2026.03.13	00:33:00.361	159.281				2
2026.03.13	00:33:05.859	159.280				2
2026.03.13	00:33:06.158		159.400			4
2026.03.13	00:33:09.459	159.282	159.401			6
2026.03.13	00:33:10.027	159.279				2
2026.03.13	00:33:11.877	159.280				2
2026.03.13	00:33:12.778	159.278	159.402			6
2026.03.13	00:33:13.188	159.280				2
2026.03.13	00:33:14.091	159.279				2
2026.03.13	00:33:14.391	159.280				2
2026.03.13	00:33:20.716	159.279	159.397			6
2026.03.13	00:33:21.923	159.276				2
2026.03.13	00:33:23.742	159.275				2
2026.03.13	00:33:24.045	159.276				2
2026.03.13	00:33:25.548		159.398			4
2026.03.13	00:33:26.754	159.275				2
2026.03.13	00:33:27.358	159.276				2
2026.03.13	00:33:28.558	159.277	159.394			6
2026.03.13	00:33:29.459	159.275	159.393			6
2026.03.13	00:33:31.866	159.276				2
2026.03.13	00:33:35.482	159.278	159.392			6
2026.03.13	00:33:35.783	159.279	159.390			6
2026.03.13	00:33:37.894	159.280	159.391			6
2026.03.13	00:33:39.101	159.279	159.392			6
2026.03.13	00:33:40.333	159.282	159.393			6
2026.03.13	00:33:43.640		159.394			4
2026.03.13	00:33:43.942	159.278	159.393			6
2026.03.13	00:33:46.743		159.385			4
2026.03.13	00:33:53.133	159.279				2
2026.03.13	00:33:54.938	159.276				2
2026.03.13	00:33:55.239	159.278				2
2026.03.13	00:33:55.839	159.277				2
2026.03.13	00:33:57.041	159.279				2
2026.03.13	00:34:00.055	159.279				2
2026.03.13	00:34:06.068	159.280				2
2026.03.13	00:34:09.674	159.279				2
2026.03.13	00:34:09.975	159.280				2
2026.03.13	00:34:13.594	159.281				2
2026.03.13	00:34:17.505		159.392			4
2026.03.13	00:34:18.115	159.282				2
2026.03.13	00:34:19.319		159.391			4
2026.03.13	00:34:20.524		159.392			4
2026.03.13	00:34:21.431		159.393			4
2026.03.13	00:34:23.239	159.281				2
2026.03.13	00:34:23.539	159.278				2
2026.03.13	00:34:24.140	159.281				2
2026.03.13	00:34:25.042	159.282				2
2026.03.13	00:34:28.354	159.283				2
2026.03.13	00:34:30.759	159.285				2
2026.03.13	00:34:35.569		159.391			4
2026.03.13	00:34:35.868	159.286				2
2026.03.13	00:34:36.770	159.279				2
2026.03.13	00:34:37.070	159.282				2
2026.03.13	00:34:37.371	159.284	159.392			6
2026.03.13	00:34:39.473		159.391			4
2026.03.13	00:34:40.381	159.282	159.392			6
2026.03.13	00:34:41.283	159.283				2
2026.03.13	00:34:43.089	159.288	159.389			6
2026.03.13	00:34:47.297		159.375			4
2026.03.13	00:34:49.402		159.389			4
2026.03.13	00:34:49.706		159.375			4
2026.03.13	00:34:50.011	159.282	159.391			6
2026.03.13	00:34:50.613	159.287	159.390			6
2026.03.13	00:34:53.026	159.282	159.393			6
2026.03.13	00:34:53.326	159.288	159.391			6
2026.03.13	00:34:54.226		159.389			4
2026.03.13	00:34:55.433	159.283	159.393			6
2026.03.13	00:34:57.585		159.382			4
2026.03.13	00:35:00.300	159.283				2
2026.03.13	00:35:00.599	159.290				2
2026.03.13	00:35:04.213	159.287				2
2026.03.13	00:35:11.596	159.289	159.375			6
2026.03.13	00:35:14.002	159.290	159.377			6
2026.03.13	00:35:16.404		159.359			4
2026.03.13	00:35:16.707	159.295				2
2026.03.13	00:35:17.609	159.294				2
2026.03.13	00:35:17.909	159.295				2
2026.03.13	00:35:18.813	159.279				2
2026.03.13	00:35:25.135	159.277				2
2026.03.13	00:35:25.435	159.283				2
2026.03.13	00:35:25.735	159.278				2
2026.03.13	00:35:30.546	159.277				2
2026.03.13	00:35:31.450	159.286				2
2026.03.13	00:35:32.654	159.285				2
2026.03.13	00:35:35.665	159.288				2
2026.03.13	00:35:36.567	159.289				2
2026.03.13	00:35:37.469	159.277				2
2026.03.13	00:35:42.583	159.279				2
2026.03.13	00:35:45.293	159.278				2
2026.03.13	00:35:45.895	159.277				2
2026.03.13	00:35:49.200	159.284				2
2026.03.13	00:35:49.500	159.287				2
2026.03.13	00:35:50.103	159.279				2
2026.03.13	00:35:54.617	159.293	159.344			6
2026.03.13	00:35:59.130	159.292				2
2026.03.13	00:35:59.737	159.285				2
2026.03.13	00:36:00.037	159.285				2
2026.03.13	00:36:03.648	159.286				2
2026.03.13	00:36:03.950	159.287				2
2026.03.13	00:36:04.251	159.286				2
2026.03.13	00:36:04.854	159.291				2
2026.03.13	00:36:05.155	159.292				2
2026.03.13	00:36:06.960	159.291				2
2026.03.13	00:36:09.668	159.290				2
2026.03.13	00:36:20.195	159.291				2
2026.03.13	00:36:21.700	159.290				2
2026.03.13	00:36:22.001	159.291				2
2026.03.13	00:36:23.815	159.290				2
2026.03.13	00:36:25.322	159.289				2
2026.03.13	00:36:25.925	159.290				2
2026.03.13	00:36:30.441	159.289				2
2026.03.13	00:36:34.953	159.290				2
2026.03.13	00:36:35.854	159.289				2
2026.03.13	00:36:39.159	159.304	159.354			6
2026.03.13	00:36:42.928		159.359			4
2026.03.13	00:36:48.699	159.303	159.349			6
2026.03.13	00:36:49.792	159.302				2
2026.03.13	00:36:58.523		159.356			4
2026.03.13	00:36:59.123	159.301	159.348			6
2026.03.13	00:36:59.423		159.342			4
2026.03.13	00:37:00.160	159.301				2
2026.03.13	00:37:21.581	159.313				2
2026.03.13	00:37:21.883	159.302				2
2026.03.13	00:37:22.183	159.300				2
2026.03.13	00:37:22.484	159.303				2
2026.03.13	00:37:26.876	159.301				2
2026.03.13	00:37:29.829	159.303				2
2026.03.13	00:37:30.928	159.304				2
2026.03.13	00:37:32.755	159.302				2
2026.03.13	00:37:33.055	159.304				2
2026.03.13	00:37:45.994	159.303				2
2026.03.13	00:37:50.775		159.341			4
2026.03.13	00:37:52.584		159.340			4
2026.03.13	00:37:55.293		159.339			4
2026.03.13	00:37:56.496		159.342			4
2026.03.13	00:38:00.173	159.303				2
2026.03.13	00:38:25.872	159.312	159.369			6
2026.03.13	00:38:28.894		159.370			4
2026.03.13	00:38:29.494		159.371			4
2026.03.13	00:38:33.354		159.370			4
2026.03.13	00:38:39.214	159.329	159.374			6
2026.03.13	00:38:39.516		159.373			4
2026.03.13	00:38:39.816		159.374			4
2026.03.13	00:38:43.727		159.355			4
2026.03.13	00:38:49.266	159.330				2
2026.03.13	00:39:01.659	159.330				2
2026.03.13	00:39:07.255	159.346	159.358			6
2026.03.13	00:39:07.555	159.345				2
2026.03.13	00:39:12.760	159.343				2
2026.03.13	00:39:14.116	159.342				2
2026.03.13	00:39:14.421		159.379			4
2026.03.13	00:39:22.940		159.377			4
2026.03.13	00:39:24.946		159.375			4
2026.03.13	00:39:26.951		159.373			4
2026.03.13	00:39:30.891		159.370			4
2026.03.13	00:39:42.715		159.364			4
2026.03.13	00:39:43.215		159.376			4
2026.03.13	00:39:44.214		159.370			4
2026.03.13	00:39:44.715		159.364			4
2026.03.13	00:39:45.460		159.376			4
2026.03.13	00:39:45.761		159.364			4
2026.03.13	00:39:46.215		159.370			4
2026.03.13	00:40:00.174	159.342				2
2026.03.13	00:40:07.529	159.341				2
2026.03.13	00:40:08.275		159.358			4
2026.03.13	00:40:16.323		159.370			4
2026.03.13	00:40:17.260		159.358			4
2026.03.13	00:40:39.197		159.370			4
2026.03.13	00:41:00.175	159.341				2
2026.03.13	00:41:02.737		159.358			4
2026.03.13	00:41:25.659	159.359	159.393			6
2026.03.13	00:41:26.225	159.355				2
2026.03.13	00:41:26.525	159.359	159.388			6
2026.03.13	00:41:27.592	159.355				2
2026.03.13	00:41:27.894	159.358				2
2026.03.13	00:41:28.981	159.357				2
2026.03.13	00:41:30.394	159.359				2
2026.03.13	00:41:30.695	159.368	159.398			6
2026.03.13	00:41:33.978		159.420			4
2026.03.13	00:41:34.281	159.365	159.418			6
2026.03.13	00:41:41.774	159.367				2
2026.03.13	00:41:42.074		159.415			4
2026.03.13	00:41:44.260	159.366				2
2026.03.13	00:41:45.817	159.368				2
2026.03.13	00:41:50.446		159.414			4
2026.03.13	00:41:54.984		159.415			4
2026.03.13	00:42:00.304	159.368				2
2026.03.13	00:42:05.398	159.363	159.413			6
2026.03.13	00:42:08.143		159.411			4
2026.03.13	00:42:08.649		159.394			4
2026.03.13	00:42:15.253	159.362				2
2026.03.13	00:42:18.233	159.360				2
2026.03.13	00:42:32.859	159.359				2
2026.03.13	00:42:36.363	159.358				2
2026.03.13	00:42:39.159		159.411			4
2026.03.13	00:42:49.058		159.394			4
2026.03.13	00:42:53.513	159.359				2
2026.03.13	00:43:00.119	159.359				2
2026.03.13	00:43:14.952	159.358				2
2026.03.13	00:43:19.869		159.412			4
2026.03.13	00:43:22.483	159.357				2
2026.03.13	00:43:24.651	159.358				2
2026.03.13	00:43:43.515	159.357				2
2026.03.13	00:43:44.836	159.358				2
2026.03.13	00:43:50.762	159.357				2
2026.03.13	00:44:07.059	159.357				2
2026.03.13	00:44:14.655	159.356				2
2026.03.13	00:44:18.485		159.394			4
2026.03.13	00:44:20.060	159.355				2
2026.03.13	00:44:21.806	159.357				2
2026.03.13	00:44:30.301	159.356				2
2026.03.13	00:44:47.279	159.357				2
2026.03.13	00:44:49.438		159.413			4
2026.03.13	00:44:51.480		159.412			4
2026.03.13	00:44:52.080	159.354				2
2026.03.13	00:45:00.196	159.354				2
2026.03.13	00:45:00.499	159.353	159.411			6
2026.03.13	00:45:03.211	159.345				2
2026.03.13	00:45:04.716	159.346	159.412			6
2026.03.13	00:45:06.833	159.352				2
2026.03.13	00:45:37.842		159.394			4
2026.03.13	00:45:42.110	159.355				2
2026.03.13	00:45:52.027	159.352				2
2026.03.13	00:46:04.651	159.352				2
2026.03.13	00:46:04.951	159.355				2
2026.03.13	00:46:08.739		159.411			4
2026.03.13	00:46:17.766	159.356				2
2026.03.13	00:46:21.975	159.357				2
2026.03.13	00:46:26.794	159.356				2
2026.03.13	00:46:31.011		159.412			4
2026.03.13	00:46:31.914		159.411			4
2026.03.13	00:46:37.639		159.412			4
2026.03.13	00:46:48.470		159.394			4
2026.03.13	00:46:59.541	159.355				2
2026.03.13	00:47:02.659	159.355				2
2026.03.13	00:47:03.259	159.344	159.410			6
2026.03.13	00:47:06.261	159.356	159.395			6
2026.03.13	00:47:06.894		159.394			4
2026.03.13	00:47:19.446		159.411			4
2026.03.13	00:47:26.968		159.394			4
2026.03.13	00:47:35.859	159.355				2
2026.03.13	00:47:51.631	159.356				2
2026.03.13	00:47:53.193	159.355				2
2026.03.13	00:47:55.741	159.354				2
2026.03.13	00:47:57.359		159.414			4
2026.03.13	00:48:00.066	159.354				2
2026.03.13	00:48:04.882		159.415			4
2026.03.13	00:48:06.993		159.414			4
2026.03.13	00:48:07.294		159.415			4
2026.03.13	00:48:15.424		159.414			4
2026.03.13	00:48:20.542		159.415			4
2026.03.13	00:48:22.047		159.414			4
2026.03.13	00:48:36.794		159.413			4
2026.03.13	00:48:44.921		159.414			4
2026.03.13	00:48:45.225		159.394			4
2026.03.13	00:48:56.186	159.353				2
2026.03.13	00:49:00.173	159.353				2
2026.03.13	00:49:00.774	159.352				2
2026.03.13	00:49:13.873		159.393			4
2026.03.13	00:49:15.583	159.353				2
2026.03.13	00:49:16.411		159.413			4
2026.03.13	00:49:32.105	159.354	159.412			6
2026.03.13	00:49:34.827		159.413			4
2026.03.13	00:49:36.782	159.356				2
2026.03.13	00:49:39.698		159.412			4
2026.03.13	00:49:40.900		159.413			4
2026.03.13	00:49:41.199		159.412			4
2026.03.13	00:49:47.335	159.354				2
2026.03.13	00:49:49.338		159.393			4
2026.03.13	00:50:01.725	159.354				2
2026.03.13	00:50:19.952		159.411			4
2026.03.13	00:50:40.721	159.355	159.413			6
2026.03.13	00:50:44.652		159.412			4
2026.03.13	00:50:44.953	159.354				2
2026.03.13	00:50:49.547		159.392			4
2026.03.13	00:51:00.175	159.354				2
2026.03.13	00:51:14.652	159.355				2
2026.03.13	00:51:20.903		159.412			4
2026.03.13	00:51:24.833	159.354				2
2026.03.13	00:51:32.655		159.411			4
2026.03.13	00:51:40.773		159.410			4
2026.03.13	00:52:00.048	159.354				2
2026.03.13	00:52:04.859	159.355	159.412			6
2026.03.13	00:52:07.861		159.411			4
2026.03.13	00:52:10.871		159.392			4
2026.03.13	00:52:25.358	159.354				2
2026.03.13	00:52:41.592		159.408			4
2026.03.13	00:52:44.897		159.409			4
2026.03.13	00:53:00.241	159.354				2
2026.03.13	00:53:02.645		159.392			4
2026.03.13	00:53:33.393		159.409			4
2026.03.13	00:53:56.862		159.410			4
2026.03.13	00:54:00.169	159.354				2
2026.03.13	00:54:12.196		159.392			4
2026.03.13	00:54:34.955	159.355				2
2026.03.13	00:54:39.640	159.353				2
2026.03.13	00:54:42.516		159.409			4
2026.03.13	00:54:43.417		159.408			4
2026.03.13	00:54:51.531		159.409			4
2026.03.13	00:54:54.538		159.408			4
2026.03.13	00:54:54.837	159.354				2
2026.03.13	00:54:55.138		159.409			4
2026.03.13	00:55:00.240	159.354				2
2026.03.13	00:55:01.144	159.353				2
2026.03.13	00:55:01.447		159.411			4
2026.03.13	00:55:04.759	159.354				2
2026.03.13	00:55:06.863	159.353	159.410			6
2026.03.13	00:55:08.066		159.409			4
2026.03.13	00:55:17.710	159.352				2
2026.03.13	00:55:39.671		159.392			4
2026.03.13	00:56:00.151	159.352				2
2026.03.13	00:56:10.063		159.409			4
2026.03.13	00:56:14.873	159.353	159.410			6
2026.03.13	00:56:22.105	159.352	159.411			6
2026.03.13	00:56:22.707		159.410			4
2026.03.13	00:56:23.919		159.392			4
2026.03.13	00:56:54.921		159.411			4
2026.03.13	00:57:00.031	159.352				2
2026.03.13	00:57:04.852		159.410			4
2026.03.13	00:57:12.068		159.409			4
2026.03.13	00:57:20.495		159.411			4
2026.03.13	00:57:28.921		159.410			4
2026.03.13	00:57:32.234		159.411			4
2026.03.13	00:57:35.246		159.392			4
2026.03.13	00:58:00.197	159.352				2
2026.03.13	00:58:05.920		159.412			4
2026.03.13	00:58:14.653		159.411			4
2026.03.13	00:58:24.892		159.410			4
2026.03.13	00:58:35.419	159.353				2
2026.03.13	00:59:00.096	159.353	159.392			6
2026.03.13	00:59:30.178	159.352				2
2026.03.13	00:59:30.774		159.410			4
2026.03.13	00:59:35.583		159.411			4
2026.03.13	00:59:36.788		159.410			4
2026.03.13	00:59:44.601	159.285	159.391			6
2026.03.13	00:59:45.197		159.395			4
2026.03.13	00:59:45.500		159.397			4
2026.03.13	00:59:46.099		159.402			4
2026.03.13	00:59:47.001	159.273	159.400			6
2026.03.13	00:59:47.303		159.402			4
2026.03.13	00:59:47.605	159.285				2
2026.03.13	00:59:52.425	159.284				2
2026.03.13	00:59:53.023	159.285				2
2026.03.13	00:59:58.145		159.405			4
2026.03.13	00:59:58.448	159.283				2
2026.03.13	01:00:00.255	159.311	159.410			6
2026.03.13	01:00:00.550	159.312	159.408			6
2026.03.13	01:00:00.850	159.311				2
2026.03.13	01:00:01.155	159.312	159.420			6
2026.03.13	01:00:01.451		159.421			4
2026.03.13	01:00:01.756	159.310	159.391			6
2026.03.13	01:00:02.056	159.312	159.408			6
2026.03.13	01:00:02.353	159.311	159.420			6
2026.03.13	01:00:02.952	159.314	159.413			6
2026.03.13	01:00:03.253	159.315	159.415			6
2026.03.13	01:00:03.561	159.310	159.435			6
2026.03.13	01:00:03.853	159.312	159.440			6
2026.03.13	01:00:04.455	159.316	159.444			6
2026.03.13	01:00:05.655	159.312	159.440			6
2026.03.13	01:00:06.561	159.318	159.446			6
2026.03.13	01:00:06.861	159.316	159.444			6
2026.03.13	01:00:07.157		159.425			4
2026.03.13	01:00:07.463		159.424			4
2026.03.13	01:00:08.064	159.317				2
2026.03.13	01:00:08.364	159.319	159.425			6
2026.03.13	01:00:08.959	159.318				2
2026.03.13	01:00:09.260	159.319	159.426			6
2026.03.13	01:00:10.767		159.422			4
2026.03.13	01:00:11.060	159.312				2
2026.03.13	01:00:11.368		159.421			4
2026.03.13	01:00:12.861		159.422			4
2026.03.13	01:00:14.064		159.421			4
2026.03.13	01:00:15.263	159.327	159.426			6
2026.03.13	01:00:15.564	159.319	159.417			6
2026.03.13	01:00:16.165	159.327				2
2026.03.13	01:00:16.465	159.329	159.407			6
2026.03.13	01:00:17.367		159.408			4
2026.03.13	01:00:18.566		159.410			4
2026.03.13	01:00:18.870		159.399			4
2026.03.13	01:00:19.168	159.309	159.384			6
2026.03.13	01:00:19.467		159.380			4
2026.03.13	01:00:20.071	159.311	159.381			6
2026.03.13	01:00:20.372		159.384			4
2026.03.13	01:00:20.972		159.386			4
2026.03.13	01:00:21.568		159.388			4
2026.03.13	01:00:22.769		159.385			4
2026.03.13	01:00:23.073		159.381			4
2026.03.13	01:00:23.671		159.379			4
2026.03.13	01:00:23.970		159.378			4
2026.03.13	01:00:25.172	159.303				2
2026.03.13	01:00:25.476		159.379			4
2026.03.13	01:00:25.773	159.299	159.415			6
2026.03.13	01:00:26.073	159.307				2
2026.03.13	01:00:26.374	159.302				2
2026.03.13	01:00:26.979	159.305				2
2026.03.13	01:00:27.879	159.340				2
2026.03.13	01:00:28.175	159.356	159.400			6
2026.03.13	01:00:28.774	159.357	159.404			6
2026.03.13	01:00:29.075	159.376	159.407			6
2026.03.13	01:00:29.976		159.414			4
2026.03.13	01:00:31.176		159.416			4
2026.03.13	01:00:32.978	159.378				2
2026.03.13	01:00:36.290	159.379				2
2026.03.13	01:00:37.790		159.411			4
2026.03.13	01:00:38.987		159.410			4
2026.03.13	01:00:39.292		159.409			4
2026.03.13	01:00:40.190		159.407			4
2026.03.13	01:00:40.491		159.408			4
2026.03.13	01:00:42.297		159.410			4
2026.03.13	01:00:43.497		159.409			4
2026.03.13	01:00:45.610	159.364				2
2026.03.13	01:00:46.206	159.379				2
2026.03.13	01:00:52.514		159.408			4
2026.03.13	01:00:52.815		159.409			4
2026.03.13	01:00:58.520		159.408			4
2026.03.13	01:01:00.025	159.379				2
2026.03.13	01:01:00.328	159.388	159.389			6
2026.03.13	01:01:02.131	159.387	159.388			6
2026.03.13	01:01:02.431	159.393	159.394			6
2026.03.13	01:01:04.836	159.394	159.395			6
2026.03.13	01:01:09.945	159.393	159.394			6
2026.03.13	01:01:10.246	159.394	159.395			6
2026.03.13	01:01:12.348	159.393	159.394			6
2026.03.13	01:01:13.250	159.390	159.391			6
2026.03.13	01:01:13.852	159.379	159.412			6
2026.03.13	01:01:14.152	159.395	159.396			6
2026.03.13	01:01:14.755	159.397	159.398			6
2026.03.13	01:01:15.055	159.396	159.397			6
2026.03.13	01:01:15.656	159.397	159.398			6
2026.03.13	01:01:15.955	159.401	159.402			6
2026.03.13	01:01:16.555	159.400	159.401			6
2026.03.13	01:01:17.456	159.397	159.398			6
2026.03.13	01:01:18.056	159.401	159.402			6
2026.03.13	01:01:22.861	159.398	159.399			6
2026.03.13	01:01:23.761	159.400	159.401			6
2026.03.13	01:01:24.961	159.398	159.399			6
2026.03.13	01:01:25.261	159.397	159.398			6
2026.03.13	01:01:26.162	159.398	159.399			6
2026.03.13	01:01:27.367	159.397	159.398			6
2026.03.13	01:01:29.475	159.398	159.399			6
2026.03.13	01:01:30.669	159.397	159.398			6
2026.03.13	01:01:30.970	159.393	159.394			6
2026.03.13	01:01:32.170	159.388	159.389			6
2026.03.13	01:01:32.470	159.387	159.388			6
2026.03.13	01:01:32.771	159.388	159.389			6
2026.03.13	01:01:33.073	159.382	159.383			6
2026.03.13	01:01:33.373	159.380	159.381			6
2026.03.13	01:01:33.671	159.381	159.382			6
2026.03.13	01:01:33.972	159.365	159.411			6
2026.03.13	01:01:34.279	159.356	159.410			6
2026.03.13	01:01:34.572		159.409			4
2026.03.13	01:01:35.779		159.408			4
2026.03.13	01:01:36.073		159.407			4
2026.03.13	01:01:36.979	159.358	159.404			6
2026.03.13	01:01:37.275	159.357	159.403			6
2026.03.13	01:01:38.175	159.362	159.406			6
2026.03.13	01:01:38.481	159.355	159.413			6
2026.03.13	01:01:38.775	159.361	159.410			6
2026.03.13	01:01:39.375		159.407			4
2026.03.13	01:01:39.976	159.362	159.406			6
2026.03.13	01:01:40.282	159.363				2
2026.03.13	01:01:44.488		159.405			4
2026.03.13	01:01:45.681	159.364	159.404			6
2026.03.13	01:01:45.985	159.363	159.405			6
2026.03.13	01:01:46.283		159.406			4
2026.03.13	01:01:51.388	159.364				2
2026.03.13	01:01:51.688		159.405			4
2026.03.13	01:01:52.894		159.404			4
2026.03.13	01:01:59.502	159.384	159.385			6
2026.03.13	01:02:00.111	159.384				2
2026.03.13	01:02:00.707	159.364	159.404			6
2026.03.13	01:02:01.306	159.363	159.407			6
2026.03.13	01:02:03.409	159.364				2
2026.03.13	01:02:03.711		159.405			4
2026.03.13	01:02:04.312	159.385	159.386			6
2026.03.13	01:02:07.917	159.384	159.385			6
2026.03.13	01:02:08.523	159.383	159.384			6
2026.03.13	01:02:13.923	159.380	159.381			6
2026.03.13	01:02:16.026	159.381	159.382			6
2026.03.13	01:02:17.226	159.380	159.381			6
2026.03.13	01:02:23.839	159.381	159.382			6
2026.03.13	01:02:24.445	159.382	159.383			6
2026.03.13	01:02:28.951	159.381	159.382			6
2026.03.13	01:02:34.060	159.384	159.385			6
2026.03.13	01:02:34.960	159.381	159.382			6
2026.03.13	01:02:35.264	159.380	159.383			6
2026.03.13	01:02:36.160	159.378	159.384			6
2026.03.13	01:02:37.962	159.370	159.401			6
2026.03.13	01:02:38.263	159.376	159.381			6
2026.03.13	01:02:38.865	159.384	159.385			6
2026.03.13	01:02:39.163	159.390	159.395			6
2026.03.13	01:02:40.067	159.391	159.396			6
2026.03.13	01:02:40.366	159.389	159.398			6
2026.03.13	01:02:40.666	159.390	159.399			6
2026.03.13	01:02:44.268		159.398			4
2026.03.13	01:02:44.868	159.387	159.395			6
2026.03.13	01:02:45.168	159.388	159.396			6
2026.03.13	01:02:46.370		159.395			4
2026.03.13	01:02:47.571	159.389	159.396			6
2026.03.13	01:02:48.172		159.395			4
2026.03.13	01:02:49.377	159.390				2
2026.03.13	01:02:51.175		159.394			4
2026.03.13	01:02:52.077	159.389	159.393			6
2026.03.13	01:02:52.378		159.392			4
2026.03.13	01:02:52.678	159.390	159.393			6
2026.03.13	01:02:53.278		159.392			4
2026.03.13	01:02:53.879	159.397	159.399			6
2026.03.13	01:02:54.179	159.399	159.400			6
2026.03.13	01:02:54.780		159.401			4
2026.03.13	01:02:55.381		159.402			4
2026.03.13	01:02:56.883	159.401				2
2026.03.13	01:03:00.193	159.401				2
2026.03.13	01:03:00.794	159.400	159.401			6
2026.03.13	01:03:01.694	159.406	159.407			6
2026.03.13	01:03:01.995	159.407	159.408			6
2026.03.13	01:03:03.195	159.408	159.409			6
2026.03.13	01:03:05.598	159.407	159.408			6
2026.03.13	01:03:06.798	159.411	159.412			6
2026.03.13	01:03:07.099	159.407	159.408			6
2026.03.13	01:03:09.203	159.408	159.409			6
2026.03.13	01:03:11.009	159.411	159.412			6
2026.03.13	01:03:11.313	159.412	159.413			6
2026.03.13	01:03:14.320	159.413	159.414			6
2026.03.13	01:03:15.224	159.412	159.413			6
2026.03.13	01:03:33.553	159.413	159.414			6
2026.03.13	01:03:56.081	159.416	159.417			6
2026.03.13	01:03:56.382	159.418	159.419			6
2026.03.13	01:03:57.288		159.422			4
2026.03.13	01:03:58.188		159.421			4
2026.03.13	01:04:00.291	159.418				2
2026.03.13	01:04:01.194	159.416	159.418			6
2026.03.13	01:04:03.296	159.417				2
2026.03.13	01:04:04.197	159.418	159.419			6
2026.03.13	01:04:04.498	159.419	159.420			6
2026.03.13	01:04:05.399	159.420	159.421			6
2026.03.13	01:04:07.803	159.415	159.416			6
2026.03.13	01:04:08.104	159.414	159.415			6
2026.03.13	01:04:09.308	159.411	159.418			6
2026.03.13	01:04:10.209	159.410	159.417			6
2026.03.13	01:04:11.111	159.411				2
2026.03.13	01:04:13.214		159.416			4
2026.03.13	01:04:13.514	159.414	159.419			6
2026.03.13	01:04:14.115	159.415				2
2026.03.13	01:04:15.315	159.414	159.416			6
2026.03.13	01:04:16.216		159.415			4
2026.03.13	01:04:16.817	159.418	159.421			6
2026.03.13	01:04:17.117	159.420	159.422			6
2026.03.13	01:04:18.018	159.418	159.420			6
2026.03.13	01:04:18.319	159.417	159.422			6
2026.03.13	01:04:18.918	159.416	159.421			6
2026.03.13	01:04:19.219		159.422			4
2026.03.13	01:04:20.123		159.421			4
2026.03.13	01:04:21.324	159.417				2
2026.03.13	01:04:22.225		159.420			4
2026.03.13	01:04:24.330	159.418				2
2026.03.13	01:04:25.233		159.419			4
2026.03.13	01:04:28.840	159.420	159.421			6
2026.03.13	01:04:29.140	159.422	159.423			6
2026.03.13	01:04:30.340	159.419	159.425			6
2026.03.13	01:04:31.241	159.420				2
2026.03.13	01:04:33.344	159.421				2
2026.03.13	01:04:34.246		159.424			4
2026.03.13	01:04:34.544	159.422	159.425			6
2026.03.13	01:04:36.350	159.424	159.426			6
2026.03.13	01:04:36.650	159.423	159.424			6
2026.03.13	01:04:48.366	159.420	159.421			6
2026.03.13	01:04:49.566	159.421	159.422			6
2026.03.13	01:04:52.871	159.419	159.420			6
2026.03.13	01:04:53.170	159.420	159.421			6
2026.03.13	01:04:54.071	159.421	159.422			6
2026.03.13	01:04:54.372	159.422	159.423			6
2026.03.13	01:04:55.274	159.421	159.422			6
2026.03.13	01:05:00.085	159.421				2
2026.03.13	01:05:13.600	159.403	159.404			6
2026.03.13	01:05:14.202	159.399	159.408			6
2026.03.13	01:05:17.207		159.407			4
2026.03.13	01:05:17.507	159.398				2
2026.03.13	01:05:19.314		159.406			4
2026.03.13	01:05:19.614		159.401			4
2026.03.13	01:05:20.516	159.387	159.394			6
2026.03.13	01:05:20.818	159.386	159.392			6
2026.03.13	01:05:21.123	159.384	159.389			6
2026.03.13	01:05:22.022	159.383				2
2026.03.13	01:05:22.327		159.390			4
2026.03.13	01:05:22.622	159.375	159.383			6
2026.03.13	01:05:22.924	159.371	159.375			6
2026.03.13	01:05:23.225	159.369	159.373			6
2026.03.13	01:05:23.529		159.370			4
2026.03.13	01:05:23.826	159.368	159.369			6
2026.03.13	01:05:24.131	159.367	159.374			6
2026.03.13	01:05:24.427	159.372	159.378			6
2026.03.13	01:05:24.732	159.369	159.374			6
2026.03.13	01:05:25.336	159.368	159.373			6
2026.03.13	01:05:26.238	159.367				2
2026.03.13	01:05:28.339	159.368				2
2026.03.13	01:05:30.142		159.372			4
2026.03.13	01:05:30.743	159.367	159.371			6
2026.03.13	01:05:32.242		159.370			4
2026.03.13	01:05:32.843	159.368	159.371			6
2026.03.13	01:05:33.144		159.370			4
2026.03.13	01:05:33.747	159.369	159.371			6
2026.03.13	01:05:35.248	159.370				2
2026.03.13	01:05:36.148	159.369	159.370			6
2026.03.13	01:05:36.448	159.368	159.369			6
2026.03.13	01:05:37.349	159.370	159.371			6
2026.03.13	01:05:37.653	159.369	159.370			6
2026.03.13	01:05:38.553	159.370	159.371			6
2026.03.13	01:05:39.456	159.377	159.378			6
2026.03.13	01:05:47.261	159.378	159.379			6
2026.03.13	01:05:48.462	159.376	159.377			6
2026.03.13	01:05:55.069	159.377	159.378			6
2026.03.13	01:05:55.670	159.376	159.377			6
2026.03.13	01:05:57.171	159.377	159.378			6
2026.03.13	01:05:59.873	159.376	159.377			6
2026.03.13	01:06:00.175	159.377	159.378			6
2026.03.13	01:06:00.475	159.376	159.377			6
2026.03.13	01:06:00.777	159.374	159.375			6
2026.03.13	01:06:01.375	159.373	159.374			6
2026.03.13	01:06:03.777	159.374	159.375			6
2026.03.13	01:06:05.577	159.375	159.376			6
2026.03.13	01:06:12.496	159.376	159.377			6
2026.03.13	01:06:13.096	159.375	159.376			6
2026.03.13	01:06:17.001	159.374	159.375			6
2026.03.13	01:06:29.020	159.378	159.379			6
2026.03.13	01:06:29.327	159.379	159.380			6
2026.03.13	01:06:36.234	159.380	159.381			6
2026.03.13	01:06:36.537	159.379	159.380			6
2026.03.13	01:06:37.438	159.380	159.381			6
2026.03.13	01:06:39.542	159.381	159.382			6
2026.03.13	01:06:40.144	159.380	159.381			6
2026.03.13	01:06:40.445	159.381	159.382			6
2026.03.13	01:06:40.745	159.380	159.381			6
2026.03.13	01:06:41.048	159.381	159.382			6
2026.03.13	01:06:41.350	159.379	159.380			6
2026.03.13	01:06:41.650	159.380	159.381			6
2026.03.13	01:06:41.951	159.379	159.380			6
2026.03.13	01:06:42.252	159.380	159.381			6
2026.03.13	01:06:42.552	159.379	159.380			6
2026.03.13	01:06:42.855	159.380	159.381			6
2026.03.13	01:06:43.156	159.379	159.380			6
2026.03.13	01:06:45.260	159.381	159.382			6
2026.03.13	01:06:47.059	159.380	159.381			6
2026.03.13	01:06:50.066	159.381	159.382			6
2026.03.13	01:06:50.663	159.379	159.380			6
2026.03.13	01:06:50.964	159.376	159.377			6
2026.03.13	01:06:51.567	159.378	159.379			6
2026.03.13	01:06:52.468	159.379	159.380			6
2026.03.13	01:06:53.365	159.378	159.379			6
2026.03.13	01:06:55.465	159.362	159.363			6
2026.03.13	01:06:56.365	159.359	159.367			6
2026.03.13	01:06:56.966		159.366			4
2026.03.13	01:07:00.271	159.359				2
2026.03.13	01:07:01.173		159.365			4
2026.03.13	01:07:02.074	159.365	159.370			6
2026.03.13	01:07:02.374	159.368	159.373			6
2026.03.13	01:07:04.478	159.358	159.365			6
2026.03.13	01:07:08.383		159.364			4
2026.03.13	01:07:09.585		159.363			4
2026.03.13	01:07:12.290		159.362			4
2026.03.13	01:07:13.191	159.359				2
2026.03.13	01:07:15.293		159.361			4
2026.03.13	01:07:16.194	159.360				2
2026.03.13	01:07:18.298	159.361	159.362			6
2026.03.13	01:07:19.496	159.362	159.363			6
2026.03.13	01:07:20.101	159.361	159.362			6
2026.03.13	01:07:21.600	159.364	159.365			6
2026.03.13	01:07:31.822	159.363	159.364			6
2026.03.13	01:07:40.539	159.364	159.365			6
2026.03.13	01:07:41.141	159.363	159.364			6
2026.03.13	01:07:45.346	159.362	159.363			6
2026.03.13	01:07:59.470	159.361	159.362			6
2026.03.13	01:07:59.769	159.362	159.363			6
2026.03.13	01:08:00.070	159.362				2
2026.03.13	01:08:01.573	159.361	159.362			6
2026.03.13	01:08:13.893	159.365	159.366			6
2026.03.13	01:08:14.195	159.366	159.367			6
2026.03.13	01:08:15.396	159.367	159.369			6
2026.03.13	01:08:16.899	159.364				2
2026.03.13	01:08:17.199		159.368			4
2026.03.13	01:08:20.203		159.367			4
2026.03.13	01:08:22.304	159.365				2
2026.03.13	01:08:24.115		159.366			4
2026.03.13	01:09:00.174	159.365				2
2026.03.13	01:09:10.391	159.368	159.369			6
2026.03.13	01:09:10.693	159.369	159.370			6
2026.03.13	01:09:11.294	159.370	159.371			6
2026.03.13	01:09:12.195	159.369	159.374			6
2026.03.13	01:09:13.400		159.375			4
2026.03.13	01:09:14.296		159.374			4
2026.03.13	01:09:16.097		159.375			4
2026.03.13	01:09:16.398		159.374			4
2026.03.13	01:09:20.003	159.370				2
2026.03.13	01:09:21.507	159.369	159.373			6
2026.03.13	01:09:22.710	159.370				2
2026.03.13	01:09:24.208		159.372			4
2026.03.13	01:09:24.508	159.361	159.363			6
2026.03.13	01:09:25.111	159.360	159.362			6
2026.03.13	01:09:25.711	159.361	159.363			6
2026.03.13	01:09:26.011	159.360	159.362			6
2026.03.13	01:09:26.312	159.358	159.365			6
2026.03.13	01:09:27.219	159.359				2
2026.03.13	01:09:32.327		159.364			4
2026.03.13	01:09:33.229	159.358				2
2026.03.13	01:09:34.131		159.363			4
2026.03.13	01:09:36.237		159.362			4
2026.03.13	01:09:36.538	159.359				2
2026.03.13	01:09:38.340		159.361			4
2026.03.13	01:09:41.344		159.360			4
2026.03.13	01:09:42.243	159.360	159.361			6
2026.03.13	01:09:48.560	159.356	159.357			6
2026.03.13	01:09:48.860	159.351	159.352			6
2026.03.13	01:09:49.162	159.352	159.353			6
2026.03.13	01:09:50.366	159.349	159.356			6
2026.03.13	01:09:51.267	159.350				2
2026.03.13	01:09:51.870	159.349	159.355			6
2026.03.13	01:09:52.170	159.350				2
2026.03.13	01:09:53.373	159.358	159.361			6
2026.03.13	01:09:54.273		159.363			4
2026.03.13	01:09:54.574		159.364			4
2026.03.13	01:09:55.175		159.363			4
2026.03.13	01:09:57.278		159.362			4
2026.03.13	01:09:58.184	159.359	159.363			6
2026.03.13	01:09:59.383		159.362			4
2026.03.13	01:10:00.287	159.362	159.364			6
2026.03.13	01:10:00.586	159.363				2
2026.03.13	01:10:00.888		159.365			4
2026.03.13	01:10:01.492		159.364			4
2026.03.13	01:10:01.792	159.361				2
2026.03.13	01:10:02.393		159.363			4
2026.03.13	01:10:02.996	159.364	159.365			6
2026.03.13	01:10:03.295	159.363	159.364			6
2026.03.13	01:10:04.197	159.361	159.362			6
2026.03.13	01:10:04.496	159.357	159.358			6
2026.03.13	01:10:05.098	159.358	159.359			6
2026.03.13	01:10:19.225	159.357	159.358			6
2026.03.13	01:10:32.753	159.358	159.359			6
2026.03.13	01:10:36.357	159.355	159.356			6
2026.03.13	01:10:38.766	159.354	159.355			6
2026.03.13	01:10:39.060	159.353	159.354			6
2026.03.13	01:10:39.963	159.349	159.350			6
2026.03.13	01:10:40.563	159.348	159.349			6
2026.03.13	01:10:41.163	159.346	159.351			6
2026.03.13	01:10:42.366	159.347				2
2026.03.13	01:10:43.269		159.350			4
2026.03.13	01:10:43.870	159.352	159.355			6
2026.03.13	01:10:44.170	159.353				2
2026.03.13	01:10:45.071	159.352	159.354			6
2026.03.13	01:10:45.375		159.357			4
2026.03.13	01:10:45.971		159.359			4
2026.03.13	01:10:47.473	159.353				2
2026.03.13	01:10:48.373		159.358			4
2026.03.13	01:10:50.174		159.357			4
2026.03.13	01:10:51.376	159.354				2
2026.03.13	01:10:52.277	159.355	159.356			6
2026.03.13	01:11:00.095	159.355				2
2026.03.13	01:11:28.959	159.350	159.351			6
2026.03.13	01:11:32.561	159.346	159.347			6
2026.03.13	01:11:32.860	159.344	159.345			6
2026.03.13	01:11:33.161	159.339	159.348			6
2026.03.13	01:11:33.462		159.344			4
2026.03.13	01:11:34.663		159.343			4
2026.03.13	01:11:36.165	159.340				2
2026.03.13	01:11:37.971	159.339				2
2026.03.13	01:11:38.267	159.340				2
2026.03.13	01:11:38.570		159.345			4
2026.03.13	01:11:41.276	159.341				2
2026.03.13	01:11:42.174		159.344			4
2026.03.13	01:11:43.373		159.343			4
2026.03.13	01:11:45.180	159.342				2
2026.03.13	01:11:50.296	159.341	159.342			6
2026.03.13	01:11:52.398	159.342	159.343			6
2026.03.13	01:11:52.699	159.341	159.342			6
2026.03.13	01:12:00.210	159.341				2
2026.03.13	01:12:01.715	159.342	159.343			6
2026.03.13	01:12:02.615	159.341	159.342			6
2026.03.13	01:12:03.819	159.342	159.343			6
2026.03.13	01:12:06.226	159.341	159.342			6
2026.03.13	01:12:06.528	159.342	159.343			6
2026.03.13	01:12:08.036	159.335	159.336			6
2026.03.13	01:12:09.237	159.331	159.339			6
2026.03.13	01:12:10.140	159.332	159.340			6
2026.03.13	01:12:11.646		159.339			4
2026.03.13	01:12:15.258	159.333				2
2026.03.13	01:12:17.357	159.334				2
2026.03.13	01:12:19.159	159.335				2
2026.03.13	01:12:20.362		159.338			4
2026.03.13	01:12:21.264		159.337			4
2026.03.13	01:12:22.170	159.336				2
2026.03.13	01:12:22.774	159.335	159.336			6
2026.03.13	01:12:23.374	159.333	159.337			6
2026.03.13	01:12:24.276	159.334				2
2026.03.13	01:12:25.172		159.336			4
2026.03.13	01:12:26.372	159.335				2
2026.03.13	01:12:30.581	159.338	159.339			6
2026.03.13	01:12:30.882	159.339	159.340			6
2026.03.13	01:12:31.182	159.336	159.342			6
2026.03.13	01:12:31.783	159.337	159.343			6
2026.03.13	01:12:32.385		159.342			4
2026.03.13	01:12:33.285	159.338				2
2026.03.13	01:12:34.186		159.341			4
2026.03.13	01:12:34.486	159.334	159.337			6
2026.03.13	01:12:35.388	159.331	159.338			6
2026.03.13	01:12:36.295	159.332				2
2026.03.13	01:12:37.196	159.333				2
2026.03.13	01:12:38.095		159.337			4
2026.03.13	01:12:38.696	159.335	159.339			6
2026.03.13	01:12:39.297	159.334	159.340			6
2026.03.13	01:12:39.900	159.336	159.342			6
2026.03.13	01:12:40.205		159.341			4
2026.03.13	01:12:40.802	159.337	159.342			6
2026.03.13	01:12:41.107	159.333	159.339			6
2026.03.13	01:12:45.305	159.334				2
2026.03.13	01:12:46.209	159.335	159.338			6
2026.03.13	01:12:47.110	159.336	159.337			6
2026.03.13	01:12:49.512	159.335	159.336			6
2026.03.13	01:12:53.127	159.324	159.325			6
2026.03.13	01:12:53.725	159.323	159.324			6
2026.03.13	01:12:54.327	159.319				2
2026.03.13	01:12:54.629	159.318	159.325			6
2026.03.13	01:12:55.534	159.319				2
2026.03.13	01:12:57.336	159.324	159.330			6
2026.03.13	01:12:58.545		159.328			4
2026.03.13	01:13:00.043	159.324				2
2026.03.13	01:13:02.152	159.325				2
2026.03.13	01:13:02.754	159.324				2
2026.03.13	01:13:03.053	159.322	159.326			6
2026.03.13	01:13:03.354	159.320				2
2026.03.13	01:13:03.654	159.321				2
2026.03.13	01:13:04.254	159.320				2
2026.03.13	01:13:04.555	159.321				2
2026.03.13	01:13:06.358	159.322				2
2026.03.13	01:13:06.658	159.321				2
2026.03.13	01:13:08.159	159.322				2
2026.03.13	01:13:09.362		159.325			4
2026.03.13	01:13:10.263	159.323				2
2026.03.13	01:13:12.370		159.324			4
2026.03.13	01:13:20.485	159.324	159.325			6
2026.03.13	01:13:41.226	159.323	159.324			6
2026.03.13	01:13:42.430	159.324	159.325			6
2026.03.13	01:13:42.728	159.323	159.324			6
2026.03.13	01:13:45.434	159.324	159.325			6
2026.03.13	01:13:55.963	159.323	159.324			6
2026.03.13	01:13:56.260	159.324	159.325			6
2026.03.13	01:14:00.166	159.324				2
2026.03.13	01:14:04.674	159.323	159.324			6
2026.03.13	01:14:06.478	159.324	159.325			6
2026.03.13	01:14:07.685	159.323	159.324			6
2026.03.13	01:14:13.097	159.322	159.323			6
2026.03.13	01:14:13.699	159.323	159.324			6
2026.03.13	01:14:14.901	159.322	159.323			6
2026.03.13	01:14:21.215	159.323	159.324			6
2026.03.13	01:14:30.541	159.324	159.325			6
2026.03.13	01:14:31.141	159.323	159.324			6
2026.03.13	01:14:32.644	159.324	159.325			6
2026.03.13	01:14:35.653	159.323	159.324			6
2026.03.13	01:14:45.866	159.324	159.325			6
2026.03.13	01:14:46.166	159.335	159.336			6
2026.03.13	01:14:46.466	159.334	159.335			6
2026.03.13	01:14:46.767	159.335	159.336			6
2026.03.13	01:14:47.367	159.332	159.340			6
2026.03.13	01:14:47.668	159.334	159.342			6
2026.03.13	01:14:47.967	159.343	159.351			6
2026.03.13	01:14:48.267	159.345				2
2026.03.13	01:14:48.567		159.352			4
2026.03.13	01:14:48.867	159.346				2
2026.03.13	01:14:49.168	159.347	159.353			6
2026.03.13	01:14:50.370	159.346	159.352			6
2026.03.13	01:14:50.970	159.345				2
2026.03.13	01:14:51.271	159.346				2
2026.03.13	01:14:51.571	159.349				2
2026.03.13	01:14:54.273		159.351			4
2026.03.13	01:14:56.978		159.350			4
2026.03.13	01:14:58.178		159.351			4
2026.03.13	01:14:58.478		159.350			4
2026.03.13	01:15:00.282	159.349				2
2026.03.13	01:15:10.504	159.352	159.353			6
2026.03.13	01:15:10.807	159.351	159.352			6
2026.03.13	01:15:12.915	159.350	159.351			6
2026.03.13	01:15:13.214	159.351	159.352			6
2026.03.13	01:15:13.516	159.350	159.351			6
2026.03.13	01:15:15.319	159.351	159.352			6
2026.03.13	01:15:15.619	159.352	159.353			6
2026.03.13	01:15:17.425	159.362	159.363			6
2026.03.13	01:15:18.325	159.363	159.364			6
2026.03.13	01:15:19.234	159.364	159.365			6
2026.03.13	01:15:20.432	159.363	159.364			6
2026.03.13	01:15:20.734	159.362				2
2026.03.13	01:15:21.040	159.363				2
2026.03.13	01:15:21.345	159.362	159.363			6
2026.03.13	01:15:21.641	159.363	159.364			6
2026.03.13	01:15:21.942	159.362	159.363			6
2026.03.13	01:15:22.243		159.364			4
2026.03.13	01:15:23.146		159.363			4
2026.03.13	01:15:26.455	159.361	159.362			6
2026.03.13	01:15:34.576	159.351	159.352			6
2026.03.13	01:15:34.875	159.350	159.351			6
2026.03.13	01:15:35.776	159.349	159.350			6
2026.03.13	01:15:36.378	159.346	159.353			6
2026.03.13	01:15:39.386		159.352			4
2026.03.13	01:15:40.294	159.347				2
2026.03.13	01:15:42.091		159.351			4
2026.03.13	01:15:43.291	159.348				2
2026.03.13	01:15:44.200		159.350			4
2026.03.13	01:15:45.096	159.349				2
2026.03.13	01:16:00.130	159.349				2
2026.03.13	01:16:01.635	159.348	159.349			6
2026.03.13	01:16:05.548	159.347	159.348			6
2026.03.13	01:16:06.747	159.348	159.349			6
2026.03.13	01:16:07.945	159.344	159.345			6
2026.03.13	01:16:08.548	159.343	159.344			6
2026.03.13	01:16:13.058	159.342	159.343			6
2026.03.13	01:16:18.162	159.341	159.342			6
2026.03.13	01:16:19.067	159.340	159.341			6
2026.03.13	01:16:31.379	159.342	159.343			6
2026.03.13	01:16:31.979	159.341	159.342			6
2026.03.13	01:16:37.096	159.342	159.343			6
2026.03.13	01:16:39.800	159.341	159.342			6
2026.03.13	01:16:42.214	159.342	159.343			6
2026.03.13	01:16:49.733	159.341	159.342			6
2026.03.13	01:16:53.644	159.346	159.347			6
2026.03.13	01:16:53.943	159.347	159.348			6
2026.03.13	01:16:55.145	159.344	159.351			6
2026.03.13	01:16:55.443	159.345	159.352			6
2026.03.13	01:16:57.248		159.351			4
2026.03.13	01:16:57.548	159.346	159.352			6
2026.03.13	01:16:58.150	159.347	159.353			6
2026.03.13	01:16:59.355		159.352			4
2026.03.13	01:17:00.261	159.347				2
2026.03.13	01:17:01.162	159.348				2
2026.03.13	01:17:03.272		159.351			4
2026.03.13	01:17:03.866		159.349			4
2026.03.13	01:17:04.167	159.349	159.350			6
2026.03.13	01:17:05.668	159.348	159.349			6
2026.03.13	01:17:11.373	159.347	159.348			6
2026.03.13	01:17:12.273	159.348	159.349			6
2026.03.13	01:17:24.288	159.349	159.350			6
2026.03.13	01:17:24.588	159.350	159.351			6
2026.03.13	01:17:28.794	159.349	159.350			6
2026.03.13	01:17:29.395	159.350	159.351			6
2026.03.13	01:17:34.501	159.349	159.350			6
2026.03.13	01:17:35.399	159.350	159.351			6
2026.03.13	01:17:35.705	159.351	159.352			6
2026.03.13	01:17:38.403	159.350	159.351			6
2026.03.13	01:17:57.953	159.348	159.349			6
2026.03.13	01:17:58.255	159.349	159.350			6
2026.03.13	01:18:00.059	159.350	159.351			6
2026.03.13	01:18:00.362	159.349	159.350			6
2026.03.13	01:18:17.201	159.348	159.349			6
2026.03.13	01:18:17.801	159.349	159.350			6
2026.03.13	01:18:20.205	159.346	159.347			6
2026.03.13	01:18:22.307	159.347	159.348			6
2026.03.13	01:18:30.422	159.339	159.340			6
2026.03.13	01:18:30.723	159.337	159.338			6
2026.03.13	01:18:31.323	159.333	159.342			6
2026.03.13	01:18:31.924		159.341			4
2026.03.13	01:18:33.729		159.340			4
2026.03.13	01:18:35.534	159.335	159.341			6
2026.03.13	01:18:35.833	159.334				2
2026.03.13	01:18:36.133		159.340			4
2026.03.13	01:18:36.734	159.323	159.331			6
2026.03.13	01:18:37.034	159.322	159.330			6
2026.03.13	01:18:38.837		159.329			4
2026.03.13	01:18:40.644	159.325	159.333			6
2026.03.13	01:18:41.246	159.322	159.330			6
2026.03.13	01:18:41.550	159.321	159.329			6
2026.03.13	01:18:42.150		159.328			4
2026.03.13	01:18:43.351	159.322				2
2026.03.13	01:18:43.655	159.320	159.326			6
2026.03.13	01:18:45.152	159.321				2
2026.03.13	01:18:47.255	159.320	159.324			6
2026.03.13	01:18:48.161	159.321				2
2026.03.13	01:18:51.160		159.323			4
2026.03.13	01:18:53.262	159.322				2
2026.03.13	01:18:55.368	159.317	159.318			6
2026.03.13	01:18:55.667	159.318	159.319			6
2026.03.13	01:19:00.174	159.318				2
2026.03.13	01:19:05.283	159.320	159.321			6
2026.03.13	01:19:08.593	159.318	159.319			6
2026.03.13	01:19:08.893	159.320	159.321			6
2026.03.13	01:19:09.193	159.321	159.322			6
2026.03.13	01:19:09.493	159.322	159.323			6
2026.03.13	01:19:10.695	159.323	159.324			6
2026.03.13	01:19:17.906	159.322	159.323			6
2026.03.13	01:19:18.203	159.323	159.324			6
2026.03.13	01:19:20.603	159.320	159.321			6
2026.03.13	01:19:23.611	159.322	159.323			6
2026.03.13	01:19:25.114	159.313	159.314			6
2026.03.13	01:19:26.314	159.312	159.319			6
2026.03.13	01:19:27.217		159.320			4
2026.03.13	01:19:28.120	159.313				2
2026.03.13	01:19:29.323		159.319			4
2026.03.13	01:19:29.925	159.309	159.315			6
2026.03.13	01:19:30.226		159.316			4
2026.03.13	01:19:31.128		159.315			4
2026.03.13	01:19:34.141		159.314			4
2026.03.13	01:19:35.342	159.310				2
2026.03.13	01:19:37.145		159.313			4
2026.03.13	01:19:38.348	159.311				2
2026.03.13	01:19:39.249	159.312				2
2026.03.13	01:19:52.464	159.314	159.315			6
2026.03.13	01:20:00.282	159.314				2
2026.03.13	01:20:02.384	159.313	159.314			6
2026.03.13	01:20:16.508	159.312	159.313			6
2026.03.13	01:20:16.809	159.311	159.312			6
2026.03.13	01:20:37.564	159.312	159.313			6
2026.03.13	01:20:38.162	159.311	159.312			6
2026.03.13	01:20:54.092	159.312	159.313			6
2026.03.13	01:20:57.096	159.311	159.312			6
2026.03.13	01:21:00.106	159.311				2
2026.03.13	01:21:14.224	159.312	159.313			6
2026.03.13	01:21:32.865	159.313	159.314			6
2026.03.13	01:21:35.267	159.312	159.313			6
2026.03.13	01:21:38.276	159.313	159.314			6
2026.03.13	01:21:38.579	159.312	159.313			6
2026.03.13	01:21:45.799	159.313	159.314			6
2026.03.13	01:21:46.099	159.312	159.313			6
2026.03.13	01:21:50.019	159.313	159.314			6
2026.03.13	01:21:53.317	159.312	159.313			6
2026.03.13	01:21:56.327	159.311	159.314			6
2026.03.13	01:21:59.338		159.313			4
2026.03.13	01:22:00.244	159.311				2
2026.03.13	01:22:02.344	159.312				2
2026.03.13	01:22:03.249	159.311	159.312			6
2026.03.13	01:22:04.148	159.308	159.315			6
2026.03.13	01:22:06.559	159.309				2
2026.03.13	01:22:06.860	159.308				2
2026.03.13	01:22:07.160		159.314			4
2026.03.13	01:22:10.167	159.309				2
2026.03.13	01:22:11.368	159.310				2
2026.03.13	01:22:16.172		159.313			4
2026.03.13	01:22:17.077	159.311				2
2026.03.13	01:22:19.173		159.312			4
2026.03.13	01:22:39.019	159.305	159.306			6
2026.03.13	01:22:39.619	159.303	159.304			6
2026.03.13	01:22:40.220	159.298	159.305			6
2026.03.13	01:22:40.523		159.304			4
2026.03.13	01:22:41.119	159.299	159.305			6
2026.03.13	01:22:41.418		159.304			4
2026.03.13	01:22:46.233		159.303			4
2026.03.13	01:22:50.145		159.302			4
2026.03.13	01:22:54.658	159.302	159.305			6
2026.03.13	01:22:55.260	159.303				2
2026.03.13	01:22:56.160	159.302	159.307			6
2026.03.13	01:22:57.367		159.306			4
2026.03.13	01:23:00.068	159.302				2
2026.03.13	01:23:01.269		159.305			4
2026.03.13	01:23:02.170	159.303				2
2026.03.13	01:23:04.271		159.304			4
2026.03.13	01:23:06.374	159.304	159.305			6
2026.03.13	01:23:06.975	159.303	159.304			6
2026.03.13	01:23:09.682	159.304	159.305			6
2026.03.13	01:23:34.342	159.305	159.306			6
2026.03.13	01:23:34.642	159.310	159.311			6
2026.03.13	01:23:35.242	159.309	159.315			6
2026.03.13	01:23:37.651	159.312	159.320			6
2026.03.13	01:23:38.250	159.313				2
2026.03.13	01:23:39.150	159.312	159.321			6
2026.03.13	01:23:39.751	159.313				2
2026.03.13	01:23:41.254	159.312	159.320			6
2026.03.13	01:23:43.356	159.313				2
2026.03.13	01:23:44.257		159.319			4
2026.03.13	01:23:46.360	159.314				2
2026.03.13	01:23:47.262		159.318			4
2026.03.13	01:23:48.162	159.315				2
2026.03.13	01:23:49.363		159.317			4
2026.03.13	01:23:51.164	159.316				2
2026.03.13	01:24:00.177	159.316				2
2026.03.13	01:24:01.684	159.315	159.316			6
2026.03.13	01:24:04.685	159.312	159.313			6
2026.03.13	01:24:05.585	159.311	159.312			6
2026.03.13	01:24:09.795	159.312	159.313			6
2026.03.13	01:24:14.909	159.313	159.314			6
2026.03.13	01:24:15.510	159.312	159.313			6
2026.03.13	01:24:15.813	159.311	159.312			6
2026.03.13	01:24:29.342	159.312	159.313			6
2026.03.13	01:24:59.720	159.313	159.314			6
2026.03.13	01:25:00.021	159.313				2
2026.03.13	01:25:09.640	159.312	159.313			6
2026.03.13	01:25:10.840	159.311	159.312			6
2026.03.13	01:25:11.741	159.310	159.311			6
2026.03.13	01:25:12.040	159.311	159.312			6
2026.03.13	01:25:12.341	159.308	159.313			6
2026.03.13	01:25:12.640		159.312			4
2026.03.13	01:25:13.242		159.311			4
2026.03.13	01:25:13.842	159.309				2
2026.03.13	01:25:15.043		159.313			4
2026.03.13	01:25:16.244		159.312			4
2026.03.13	01:25:18.349	159.310				2
2026.03.13	01:25:19.253		159.311			4
2026.03.13	01:25:34.574	159.309	159.310			6
2026.03.13	01:25:34.874	159.311	159.312			6
2026.03.13	01:25:35.474	159.310	159.311			6
2026.03.13	01:25:42.998	159.300	159.301			6
2026.03.13	01:25:43.596	159.299	159.300			6
2026.03.13	01:25:44.197	159.295	159.304			6
2026.03.13	01:25:45.095		159.303			4
2026.03.13	01:25:50.202		159.302			4
2026.03.13	01:25:52.307	159.297	159.301			6
2026.03.13	01:25:55.308		159.300			4
2026.03.13	01:25:58.016	159.290	159.293			6
2026.03.13	01:25:59.218	159.288	159.295			6
2026.03.13	01:25:59.518		159.294			4
2026.03.13	01:26:00.124	159.288				2
2026.03.13	01:26:00.424		159.293			4
2026.03.13	01:26:02.227		159.292			4
2026.03.13	01:26:03.430		159.293			4
2026.03.13	01:26:04.332		159.292			4
2026.03.13	01:26:05.533	159.289	159.293			6
2026.03.13	01:26:07.336	159.290				2
2026.03.13	01:26:07.642	159.289	159.292			6
2026.03.13	01:26:08.838	159.290	159.293			6
2026.03.13	01:26:09.138		159.292			4
2026.03.13	01:26:10.339	159.291				2
2026.03.13	01:26:15.743	159.293	159.294			6
2026.03.13	01:26:22.963	159.292	159.293			6
2026.03.13	01:26:37.695	159.294	159.295			6
2026.03.13	01:26:41.599	159.305	159.306			6
2026.03.13	01:26:41.898	159.306	159.307			6
2026.03.13	01:26:42.198	159.304	159.311			6
2026.03.13	01:26:44.009		159.312			4
2026.03.13	01:26:46.122		159.311			4
2026.03.13	01:26:47.323	159.307	159.314			6
2026.03.13	01:26:47.622	159.308				2
2026.03.13	01:26:49.131		159.313			4
2026.03.13	01:26:52.136		159.312			4
2026.03.13	01:26:54.241	159.309				2
2026.03.13	01:26:55.143		159.311			4
2026.03.13	01:26:56.347	159.310				2
2026.03.13	01:27:00.256	159.310				2
2026.03.13	01:27:12.568	159.312	159.313			6
2026.03.13	01:27:23.084	159.313	159.314			6
2026.03.13	01:27:23.684	159.312	159.313			6
2026.03.13	01:27:28.792	159.313	159.314			6
2026.03.13	01:27:39.019	159.312	159.313			6
2026.03.13	01:27:42.937	159.313	159.314			6
2026.03.13	01:27:51.054	159.314	159.315			6
2026.03.13	01:27:53.159	159.313	159.314			6
2026.03.13	01:27:56.762	159.312	159.313			6
2026.03.13	01:27:59.464	159.313	159.314			6
2026.03.13	01:28:00.064	159.313				2
2026.03.13	01:28:00.364	159.312				2
2026.03.13	01:28:01.264	159.313				2
2026.03.13	01:28:10.276	159.312	159.313			6
2026.03.13	01:28:10.877	159.311	159.312			6
2026.03.13	01:28:11.478	159.312	159.313			6
2026.03.13	01:28:21.400	159.311	159.312			6
2026.03.13	01:28:44.546	159.301	159.302			6
2026.03.13	01:28:45.749	159.300	159.301			6
2026.03.13	01:28:46.049	159.298	159.299			6
2026.03.13	01:28:46.351	159.297	159.302			6
2026.03.13	01:28:47.853	159.296				2
2026.03.13	01:28:51.156	159.295				2
2026.03.13	01:28:52.357		159.301			4
2026.03.13	01:28:55.362	159.296				2
2026.03.13	01:28:58.368		159.300			4
2026.03.13	01:28:59.269	159.297				2
2026.03.13	01:29:00.170	159.297				2
2026.03.13	01:29:01.372		159.299			4
2026.03.13	01:29:01.674	159.298	159.300			6
2026.03.13	01:29:02.875	159.297	159.299			6
2026.03.13	01:29:03.174	159.298				2
2026.03.13	01:29:05.883	159.297	159.298			6
2026.03.13	01:29:10.084	159.298	159.299			6
2026.03.13	01:29:11.885	159.299	159.300			6
2026.03.13	01:29:30.512	159.300	159.301			6
2026.03.13	01:29:34.117	159.301	159.302			6
2026.03.13	01:29:47.656	159.302	159.303			6
2026.03.13	01:29:48.260	159.301	159.302			6
2026.03.13	01:29:53.063	159.302	159.303			6
2026.03.13	01:29:53.665	159.301	159.302			6
2026.03.13	01:29:55.167	159.302	159.303			6
2026.03.13	01:29:56.071	159.301	159.302			6
2026.03.13	01:30:00.283	159.301				2
2026.03.13	01:30:05.093	159.303	159.304			6
2026.03.13	01:30:05.394	159.302	159.303			6
2026.03.13	01:30:06.294	159.301	159.302			6
2026.03.13	01:30:09.598	159.300	159.301			6
2026.03.13	01:30:15.308	159.298	159.299			6
2026.03.13	01:30:15.609	159.299	159.300			6
2026.03.13	01:30:16.209		159.301			4
2026.03.13	01:30:16.511	159.298	159.300			6
2026.03.13	01:30:17.416	159.297	159.299			6
2026.03.13	01:30:17.712	159.298	159.300			6
2026.03.13	01:30:18.015	159.297	159.299			6
2026.03.13	01:30:18.318		159.300			4
2026.03.13	01:30:19.218		159.302			4
2026.03.13	01:30:21.331		159.301			4
2026.03.13	01:30:22.234	159.298				2
2026.03.13	01:30:23.437	159.297	159.300			6
2026.03.13	01:30:23.738	159.298	159.301			6
2026.03.13	01:30:24.340		159.300			4
2026.03.13	01:30:26.142	159.299				2
2026.03.13	01:30:27.042	159.298	159.299			6
2026.03.13	01:30:27.343	159.299	159.300			6
2026.03.13	01:30:27.944	159.298	159.299			6
2026.03.13	01:30:29.745	159.299	159.300			6
2026.03.13	01:30:30.045	159.298	159.299			6
2026.03.13	01:30:30.346	159.299	159.300			6
2026.03.13	01:30:30.946	159.298	159.299			6
2026.03.13	01:30:33.948	159.299	159.300			6
2026.03.13	01:30:34.549	159.298	159.299			6
2026.03.13	01:30:34.848	159.299	159.300			6
2026.03.13	01:30:35.149	159.298	159.299			6
2026.03.13	01:30:36.653	159.299	159.300			6
2026.03.13	01:30:37.253	159.298	159.299			6
2026.03.13	01:30:37.554	159.299	159.300			6
2026.03.13	01:30:38.756	159.298	159.299			6
2026.03.13	01:30:39.658	159.299	159.300			6
2026.03.13	01:30:42.060	159.298	159.299			6
2026.03.13	01:30:42.361	159.299	159.300			6
2026.03.13	01:30:42.661	159.298	159.299			6
2026.03.13	01:30:42.961	159.299	159.300			6
2026.03.13	01:30:43.261	159.298	159.299			6
2026.03.13	01:30:43.861	159.299	159.300			6
2026.03.13	01:30:44.162	159.298	159.299			6
2026.03.13	01:30:44.462	159.299	159.300			6
2026.03.13	01:31:00.077	159.299				2
2026.03.13	01:31:06.684	159.297	159.298			6
2026.03.13	01:31:08.185	159.294	159.302			6
2026.03.13	01:31:11.190		159.301			4
2026.03.13	01:31:12.391	159.295				2
2026.03.13	01:31:14.194		159.300			4
2026.03.13	01:31:15.394	159.296				2
2026.03.13	01:31:15.995	159.295	159.299			6
2026.03.13	01:31:17.196	159.296				2
2026.03.13	01:31:17.496	159.284	159.287			6
2026.03.13	01:31:18.397	159.283	159.290			6
2026.03.13	01:31:18.702	159.282				2
2026.03.13	01:31:19.899		159.289			4
2026.03.13	01:31:24.111		159.288			4
2026.03.13	01:31:24.411		159.289			4
2026.03.13	01:31:25.316	159.285	159.291			6
2026.03.13	01:31:28.317		159.290			4
2026.03.13	01:31:30.119	159.286				2
2026.03.13	01:31:32.222	159.287				2
2026.03.13	01:31:32.823	159.288	159.291			6
2026.03.13	01:31:34.324		159.290			4
2026.03.13	01:31:36.125		159.289			4
2026.03.13	01:31:37.328	159.289	159.290			6
2026.03.13	01:31:37.928	159.288	159.289			6
2026.03.13	01:31:40.034	159.290	159.291			6
2026.03.13	01:31:40.335	159.292	159.293			6
2026.03.13	01:31:40.634	159.293	159.294			6
2026.03.13	01:31:40.935	159.292	159.293			6
2026.03.13	01:31:41.236	159.291	159.294			6
2026.03.13	01:31:41.836	159.292	159.295			6
2026.03.13	01:31:42.136	159.290	159.293			6
2026.03.13	01:31:42.738	159.291	159.294			6
2026.03.13	01:31:43.039	159.290	159.293			6
2026.03.13	01:31:43.339	159.291				2
2026.03.13	01:31:45.142		159.292			4
2026.03.13	01:31:45.442	159.292	159.293			6
2026.03.13	01:31:45.742	159.291	159.292			6
2026.03.13	01:31:46.342	159.292	159.293			6
2026.03.13	01:31:46.643	159.291	159.292			6
2026.03.13	01:31:47.244	159.292	159.293			6
2026.03.13	01:31:47.544	159.291	159.292			6
2026.03.13	01:31:48.447	159.292	159.293			6
2026.03.13	01:31:49.946	159.291	159.292			6
2026.03.13	01:31:51.447	159.290	159.291			6
2026.03.13	01:31:51.748	159.291	159.292			6
2026.03.13	01:31:52.350	159.290	159.291			6
2026.03.13	01:31:52.651	159.291	159.292			6
2026.03.13	01:31:53.555	159.292	159.293			6
2026.03.13	01:31:53.855	159.291	159.292			6
2026.03.13	01:31:54.756	159.290	159.291			6
2026.03.13	01:31:55.057	159.291	159.292			6
2026.03.13	01:31:55.357	159.292	159.293			6
2026.03.13	01:31:56.259	159.291	159.292			6
2026.03.13	01:31:58.060	159.292	159.293			6
2026.03.13	01:31:58.661	159.290	159.291			6
2026.03.13	01:31:58.960	159.291	159.292			6
2026.03.13	01:31:59.260	159.292	159.293			6
2026.03.13	01:32:00.162	159.292				2
2026.03.13	01:32:00.461	159.291	159.292			6
2026.03.13	01:32:01.060	159.292	159.293			6
2026.03.13	01:32:02.261	159.291	159.292			6
2026.03.13	01:32:02.862	159.292	159.293			6
2026.03.13	01:32:03.162	159.291	159.292			6
2026.03.13	01:32:03.763	159.292	159.293			6
2026.03.13	01:32:04.964	159.295	159.296			6
2026.03.13	01:32:05.265	159.294	159.295			6
2026.03.13	01:32:05.564	159.295	159.296			6
2026.03.13	01:32:05.864	159.294	159.295			6
2026.03.13	01:32:06.165	159.293				2
2026.03.13	01:32:06.764	159.294	159.296			6
2026.03.13	01:32:07.065	159.293	159.295			6
2026.03.13	01:32:08.266	159.294				2
2026.03.13	01:32:08.567	159.295	159.296			6
2026.03.13	01:32:09.166	159.293	159.294			6
2026.03.13	01:32:09.466	159.294	159.295			6
2026.03.13	01:32:10.067	159.293	159.294			6
2026.03.13	01:32:10.366	159.292	159.293			6
2026.03.13	01:32:11.268		159.295			4
2026.03.13	01:32:11.569	159.291	159.294			6
2026.03.13	01:32:11.870	159.292	159.295			6
2026.03.13	01:32:12.169		159.294			4
2026.03.13	01:32:12.770	159.293	159.295			6
2026.03.13	01:32:13.070	159.292	159.294			6
2026.03.13	01:32:13.370		159.293			4
2026.03.13	01:32:13.970	159.293	159.294			6
2026.03.13	01:32:14.871	159.292	159.293			6
2026.03.13	01:32:15.172	159.293	159.294			6
2026.03.13	01:32:16.972	159.294	159.295			6
2026.03.13	01:32:17.273	159.292	159.293			6
2026.03.13	01:32:17.874	159.293	159.294			6
2026.03.13	01:32:18.174	159.292	159.293			6
2026.03.13	01:32:18.474	159.293	159.294			6
2026.03.13	01:32:19.074	159.294	159.295			6
2026.03.13	01:32:19.678	159.293	159.294			6
2026.03.13	01:32:20.279	159.294	159.295			6
2026.03.13	01:32:20.578	159.293	159.294			6
2026.03.13	01:32:21.179	159.294	159.295			6
2026.03.13	01:32:21.779	159.293	159.294			6
2026.03.13	01:32:22.079	159.292	159.293			6
2026.03.13	01:32:22.379	159.293	159.294			6
2026.03.13	01:32:22.979	159.292	159.293			6
2026.03.13	01:32:23.280	159.293	159.294			6
2026.03.13	01:32:23.580	159.292	159.293			6
2026.03.13	01:32:23.880	159.293	159.294			6
2026.03.13	01:32:24.481	159.292	159.293			6
2026.03.13	01:32:25.383	159.293	159.294			6
2026.03.13	01:32:25.683	159.292	159.293			6
2026.03.13	01:32:26.281	159.293	159.294			6
2026.03.13	01:32:26.581	159.292	159.293			6
2026.03.13	01:32:27.182	159.293	159.294			6
2026.03.13	01:32:28.386	159.292	159.293			6
2026.03.13	01:32:28.688	159.293	159.294			6
2026.03.13	01:32:29.286	159.292	159.293			6
2026.03.13	01:32:30.488	159.293	159.294			6
2026.03.13	01:32:30.789	159.292	159.293			6
2026.03.13	01:32:31.389	159.293	159.294			6
2026.03.13	01:32:31.690	159.292	159.293			6
2026.03.13	01:32:31.989	159.293	159.294			6
2026.03.13	01:32:32.291	159.292	159.293			6
2026.03.13	01:32:32.590	159.293	159.294			6
2026.03.13	01:32:33.491	159.292	159.293			6
2026.03.13	01:32:33.792	159.294	159.295			6
2026.03.13	01:32:34.093	159.292	159.293			6
2026.03.13	01:32:34.994	159.293	159.294			6
2026.03.13	01:32:35.895	159.292	159.293			6
2026.03.13	01:32:36.195	159.293	159.294			6
2026.03.13	01:32:36.496	159.294	159.295			6
2026.03.13	01:32:37.398	159.295	159.296			6
2026.03.13	01:32:37.698	159.294	159.295			6
2026.03.13	01:32:38.298	159.293	159.294			6
2026.03.13	01:32:38.598	159.294	159.295			6
2026.03.13	01:32:38.899	159.293	159.294			6
2026.03.13	01:32:39.200	159.294	159.295			6
2026.03.13	01:32:39.501	159.293	159.294			6
2026.03.13	01:32:39.800	159.294	159.295			6
2026.03.13	01:32:40.102	159.295	159.296			6
2026.03.13	01:32:40.403	159.294	159.295			6
2026.03.13	01:32:41.004	159.293	159.294			6
2026.03.13	01:32:41.304	159.294	159.295			6
2026.03.13	01:32:41.904	159.293	159.294			6
2026.03.13	01:32:42.505	159.294	159.295			6
2026.03.13	01:32:43.104	159.293	159.294			6
2026.03.13	01:32:43.709	159.294	159.295			6
2026.03.13	01:32:44.009	159.293	159.294			6
2026.03.13	01:32:44.611	159.290	159.291			6
2026.03.13	01:32:45.215	159.287				2
2026.03.13	01:32:47.618	159.288				2
2026.03.13	01:32:49.123	159.289				2
2026.03.13	01:32:49.728	159.287	159.290			6
2026.03.13	01:32:50.024	159.288				2
2026.03.13	01:32:51.226	159.289				2
2026.03.13	01:32:52.431	159.287	159.288			6
2026.03.13	01:32:52.731	159.286	159.287			6
2026.03.13	01:32:53.331	159.283	159.288			6
2026.03.13	01:32:53.931		159.290			4
2026.03.13	01:32:54.232	159.282				2
2026.03.13	01:32:54.534	159.283				2
2026.03.13	01:32:55.738	159.284				2
2026.03.13	01:32:56.038	159.283				2
2026.03.13	01:32:56.340	159.284				2
2026.03.13	01:32:56.940	159.283	159.289			6
2026.03.13	01:32:57.240		159.288			4
2026.03.13	01:32:58.140	159.284	159.289			6
2026.03.13	01:32:58.440	159.286	159.291			6
2026.03.13	01:32:59.040		159.292			4
2026.03.13	01:32:59.341	159.284	159.291			6
2026.03.13	01:32:59.641	159.285	159.292			6
2026.03.13	01:33:00.242	159.285	159.291			6
2026.03.13	01:33:00.542	159.284				2
2026.03.13	01:33:00.844	159.285				2
2026.03.13	01:33:03.243	159.286				2
2026.03.13	01:33:04.144	159.287	159.292			6
2026.03.13	01:33:04.448	159.286	159.291			6
2026.03.13	01:33:04.745	159.285	159.290			6
2026.03.13	01:33:05.346	159.284	159.289			6
2026.03.13	01:33:06.248	159.286				2
2026.03.13	01:33:06.549	159.285	159.288			6
2026.03.13	01:33:07.150	159.286				2
2026.03.13	01:33:08.353	159.287				2
2026.03.13	01:33:09.556	159.286	159.287			6
2026.03.13	01:33:09.856	159.287	159.288			6
2026.03.13	01:33:10.156	159.286	159.287			6
2026.03.13	01:33:10.757	159.287	159.288			6
2026.03.13	01:33:11.358	159.286	159.287			6
2026.03.13	01:33:12.258	159.287	159.288			6
2026.03.13	01:33:12.858	159.286	159.287			6
2026.03.13	01:33:13.159	159.287	159.288			6
2026.03.13	01:33:13.459	159.286	159.287			6
2026.03.13	01:33:14.359	159.287	159.288			6
2026.03.13	01:33:14.960	159.286	159.287			6
2026.03.13	01:33:15.559	159.287	159.288			6
2026.03.13	01:33:16.163	159.285	159.286			6
2026.03.13	01:33:16.464	159.273	159.274			6
2026.03.13	01:33:16.761	159.275	159.276			6
2026.03.13	01:33:17.362	159.271	159.280			6
2026.03.13	01:33:17.664		159.279			4
2026.03.13	01:33:17.965	159.270	159.278			6
2026.03.13	01:33:18.264	159.271				2
2026.03.13	01:33:18.566	159.270				2
2026.03.13	01:33:18.864	159.271	159.279			6
2026.03.13	01:33:20.066	159.270	159.278			6
2026.03.13	01:33:20.365		159.279			4
2026.03.13	01:33:20.666	159.266	159.274			6
2026.03.13	01:33:21.267	159.265				2
2026.03.13	01:33:21.566	159.266	159.275			6
2026.03.13	01:33:22.167		159.274			4
2026.03.13	01:33:22.467	159.265				2
2026.03.13	01:33:23.370	159.266				2
2026.03.13	01:33:23.670	159.267	159.275			6
2026.03.13	01:33:24.271	159.266	159.273			6
2026.03.13	01:33:24.570	159.267	159.274			6
2026.03.13	01:33:24.871	159.268	159.275			6
2026.03.13	01:33:25.172		159.274			4
2026.03.13	01:33:27.274		159.273			4
2026.03.13	01:33:27.574	159.269	159.274			6
2026.03.13	01:33:28.176	159.273	159.277			6
2026.03.13	01:33:29.377	159.272	159.278			6
2026.03.13	01:33:30.280	159.273				2
2026.03.13	01:33:30.883	159.276	159.281			6
2026.03.13	01:33:31.182	159.275	159.280			6
2026.03.13	01:33:31.787	159.276	159.281			6
2026.03.13	01:33:33.286		159.280			4
2026.03.13	01:33:34.188	159.277				2
2026.03.13	01:33:35.388		159.279			4
2026.03.13	01:33:36.289	159.278				2
2026.03.13	01:33:37.190	159.283	159.284			6
2026.03.13	01:33:37.490	159.282	159.283			6
2026.03.13	01:33:38.091	159.280	159.281			6
2026.03.13	01:33:38.693	159.279	159.280			6
2026.03.13	01:33:39.292	159.280	159.281			6
2026.03.13	01:33:42.598	159.279	159.280			6
2026.03.13	01:33:42.896	159.280	159.281			6
2026.03.13	01:33:43.196	159.281	159.282			6
2026.03.13	01:33:43.497	159.280	159.281			6
2026.03.13	01:33:44.398	159.281	159.282			6
2026.03.13	01:33:44.698	159.280	159.281			6
2026.03.13	01:33:47.102	159.282	159.283			6
2026.03.13	01:33:47.409	159.283	159.284			6
2026.03.13	01:33:47.702	159.282	159.283			6
2026.03.13	01:33:49.809	159.302	159.303			6
2026.03.13	01:33:50.110	159.298	159.305			6
2026.03.13	01:33:51.015	159.299	159.307			6
2026.03.13	01:33:51.617	159.298	159.306			6
2026.03.13	01:33:52.218	159.294	159.302			6
2026.03.13	01:33:55.530	159.295				2
2026.03.13	01:33:56.433	159.296	159.301			6
2026.03.13	01:33:56.733	159.295	159.302			6
2026.03.13	01:33:57.334	159.296				2
2026.03.13	01:33:59.136	159.297				2
2026.03.13	01:34:00.038	159.296	159.301			6
2026.03.13	01:34:00.337	159.297				2
2026.03.13	01:34:02.138		159.300			4
2026.03.13	01:34:02.441	159.298	159.301			6
2026.03.13	01:34:02.740	159.297	159.300			6
2026.03.13	01:34:03.041	159.298	159.301			6
2026.03.13	01:34:03.341		159.300			4
2026.03.13	01:34:04.242	159.299				2
2026.03.13	01:34:04.543	159.298	159.299			6
2026.03.13	01:34:04.843	159.299	159.300			6
2026.03.13	01:34:05.443	159.290	159.291			6
2026.03.13	01:34:05.743	159.291	159.292			6
2026.03.13	01:34:06.043	159.290	159.291			6
2026.03.13	01:34:06.345	159.289	159.292			6
2026.03.13	01:34:06.643	159.288				2
2026.03.13	01:34:07.247	159.289	159.293			6
2026.03.13	01:34:07.549	159.290				2
2026.03.13	01:34:08.750	159.294	159.298			6
2026.03.13	01:34:09.052	159.292	159.296			6
2026.03.13	01:34:09.352	159.293				2
2026.03.13	01:34:09.954	159.292	159.295			6
2026.03.13	01:34:10.261	159.293				2
2026.03.13	01:34:10.855	159.292	159.294			6
2026.03.13	01:34:11.156	159.293				2
2026.03.13	01:34:11.456	159.294	159.295			6
2026.03.13	01:34:11.759	159.293	159.294			6
2026.03.13	01:34:12.058	159.294	159.295			6
2026.03.13	01:34:16.561	159.293	159.294			6
2026.03.13	01:34:16.860	159.294	159.295			6
2026.03.13	01:34:17.460	159.293	159.294			6
2026.03.13	01:34:21.361	159.292	159.293			6
2026.03.13	01:34:21.661	159.293	159.294			6
2026.03.13	01:34:24.963	159.294	159.295			6
2026.03.13	01:34:25.563	159.293	159.294			6
2026.03.13	01:34:25.863	159.292	159.293			6
2026.03.13	01:34:26.164	159.293	159.294			6
2026.03.13	01:34:26.463	159.294	159.295			6
2026.03.13	01:34:26.765	159.292	159.293			6
2026.03.13	01:34:27.066	159.293	159.294			6
2026.03.13	01:34:27.667	159.294	159.295			6
2026.03.13	01:34:27.966	159.293	159.294			6
2026.03.13	01:34:29.167	159.294	159.295			6
2026.03.13	01:34:29.467	159.293	159.294			6
2026.03.13	01:34:30.068	159.294	159.295			6
2026.03.13	01:34:31.570	159.296	159.297			6
2026.03.13	01:34:31.871	159.298	159.299			6
2026.03.13	01:34:33.670	159.299	159.300			6
2026.03.13	01:34:36.673	159.298	159.299			6
2026.03.13	01:34:36.974	159.299	159.300			6
2026.03.13	01:34:37.874	159.298	159.299			6
2026.03.13	01:34:38.176	159.299	159.300			6
2026.03.13	01:34:39.676	159.298	159.299			6
2026.03.13	01:34:39.977	159.299	159.300			6
2026.03.13	01:34:40.277	159.294	159.295			6
2026.03.13	01:34:40.577	159.295	159.296			6
2026.03.13	01:34:42.077	159.294	159.295			6
2026.03.13	01:34:43.280	159.293	159.294			6
2026.03.13	01:34:43.580	159.294	159.295			6
2026.03.13	01:34:44.180	159.295	159.296			6
2026.03.13	01:34:44.480	159.294	159.295			6
2026.03.13	01:34:44.780	159.295	159.296			6
2026.03.13	01:34:45.382	159.294	159.295			6
2026.03.13	01:34:46.583	159.292	159.293			6
2026.03.13	01:34:46.884	159.294	159.295			6
2026.03.13	01:34:47.184	159.293	159.294			6
2026.03.13	01:34:47.784	159.294	159.295			6
2026.03.13	01:34:48.085	159.293	159.294			6
2026.03.13	01:34:48.386	159.294	159.295			6
2026.03.13	01:34:48.686	159.295	159.296			6
2026.03.13	01:34:49.287	159.294	159.295			6
2026.03.13	01:34:49.587	159.293	159.294			6
2026.03.13	01:34:50.186	159.294	159.295			6
2026.03.13	01:34:52.889	159.293	159.294			6
2026.03.13	01:34:53.189	159.294	159.295			6
2026.03.13	01:34:53.489	159.293	159.294			6
2026.03.13	01:34:53.789	159.294	159.295			6
2026.03.13	01:34:54.990	159.293	159.294			6
2026.03.13	01:34:55.590	159.294	159.295			6
2026.03.13	01:34:56.192	159.293	159.294			6
2026.03.13	01:34:57.093	159.294	159.295			6
2026.03.13	01:34:58.295	159.295	159.296			6
2026.03.13	01:34:58.595	159.294	159.295			6
2026.03.13	01:34:59.496	159.297	159.298			6
2026.03.13	01:34:59.796	159.296	159.297			6
2026.03.13	01:35:00.098	159.297	159.298			6
2026.03.13	01:35:00.399	159.295	159.296			6
2026.03.13	01:35:00.697	159.294	159.295			6
2026.03.13	01:35:01.899	159.296	159.297			6
2026.03.13	01:35:02.198	159.297	159.298			6
2026.03.13	01:35:02.499	159.294	159.295			6
2026.03.13	01:35:05.802	159.295	159.296			6
2026.03.13	01:35:06.403	159.294	159.295			6
2026.03.13	01:35:07.003	159.295	159.296			6
2026.03.13	01:35:07.603	159.296	159.297			6
2026.03.13	01:35:07.903	159.295	159.296			6
2026.03.13	01:35:08.504	159.293	159.294			6
2026.03.13	01:35:09.103	159.294	159.295			6
2026.03.13	01:35:09.403	159.293	159.294			6
2026.03.13	01:35:10.308	159.294	159.295			6
2026.03.13	01:35:14.808	159.295	159.296			6
2026.03.13	01:35:15.108	159.294	159.295			6
2026.03.13	01:35:15.407	159.295	159.296			6
2026.03.13	01:35:15.709	159.296	159.297			6
2026.03.13	01:35:16.009	159.295	159.296			6
2026.03.13	01:35:16.611	159.294	159.295			6
2026.03.13	01:35:19.315	159.295	159.296			6
2026.03.13	01:35:19.617	159.294	159.295			6
2026.03.13	01:35:20.518	159.295	159.296			6
2026.03.13	01:35:20.818	159.296	159.297			6
2026.03.13	01:35:21.120	159.295	159.296			6
2026.03.13	01:35:21.419	159.294	159.295			6
2026.03.13	01:35:22.920	159.295	159.296			6
2026.03.13	01:35:23.221	159.296	159.297			6
2026.03.13	01:35:23.821	159.295	159.296			6
2026.03.13	01:35:24.122	159.294	159.295			6
2026.03.13	01:35:24.422	159.295	159.296			6
2026.03.13	01:35:24.722	159.296	159.297			6
2026.03.13	01:35:25.022	159.294	159.295			6
2026.03.13	01:35:25.323	159.293				2
2026.03.13	01:35:25.927	159.294	159.296			6
2026.03.13	01:35:27.129	159.295				2
2026.03.13	01:35:27.730	159.294	159.295			6
2026.03.13	01:35:28.030	159.295	159.296			6
2026.03.13	01:35:28.330	159.294	159.295			6
2026.03.13	01:35:30.134	159.293	159.294			6
2026.03.13	01:35:30.436	159.294	159.295			6
2026.03.13	01:35:36.742	159.293	159.294			6
2026.03.13	01:35:37.042	159.294	159.295			6
2026.03.13	01:35:37.342	159.293	159.294			6
2026.03.13	01:35:37.642	159.294	159.295			6
2026.03.13	01:35:38.843	159.293	159.294			6
2026.03.13	01:35:39.443	159.294	159.295			6
2026.03.13	01:35:40.943	159.293	159.294			6
2026.03.13	01:35:41.243	159.295	159.296			6
2026.03.13	01:35:41.544	159.293	159.294			6
2026.03.13	01:35:42.443	159.294	159.295			6
2026.03.13	01:35:46.947	159.289	159.290			6
2026.03.13	01:35:47.246	159.290	159.291			6
2026.03.13	01:35:48.147	159.288	159.295			6
2026.03.13	01:35:49.349	159.289				2
2026.03.13	01:35:49.648	159.288	159.294			6
2026.03.13	01:35:50.549	159.289	159.295			6
2026.03.13	01:35:50.851	159.288	159.294			6
2026.03.13	01:35:51.148	159.292	159.297			6
2026.03.13	01:35:51.450	159.291	159.296			6
2026.03.13	01:35:52.352		159.298			4
2026.03.13	01:35:53.251		159.297			4
2026.03.13	01:35:53.552	159.290				2
2026.03.13	01:35:53.853	159.291				2
2026.03.13	01:35:54.154		159.298			4
2026.03.13	01:35:54.754	159.290	159.296			6
2026.03.13	01:35:55.355	159.291	159.297			6
2026.03.13	01:35:55.654		159.296			4
2026.03.13	01:35:55.955	159.292				2
2026.03.13	01:35:56.255	159.291	159.297			6
2026.03.13	01:35:57.158		159.296			4
2026.03.13	01:35:57.758	159.292				2
2026.03.13	01:35:59.259		159.295			4
2026.03.13	01:36:00.158	159.292				2
2026.03.13	01:36:01.359	159.293	159.294			6
2026.03.13	01:36:02.564	159.294	159.295			6
2026.03.13	01:36:02.861	159.293	159.294			6
2026.03.13	01:36:03.163	159.294	159.295			6
2026.03.13	01:36:03.462	159.293	159.294			6
2026.03.13	01:36:04.061	159.289	159.290			6
2026.03.13	01:36:05.262	159.287	159.293			6
2026.03.13	01:36:06.464	159.286	159.292			6
2026.03.13	01:36:07.366	159.287				2
2026.03.13	01:36:08.268		159.291			4
2026.03.13	01:36:09.169	159.288	159.290			6
2026.03.13	01:36:10.370	159.289				2
2026.03.13	01:36:13.972	159.290	159.291			6
2026.03.13	01:36:14.273	159.289	159.290			6
2026.03.13	01:36:15.776	159.282	159.283			6
2026.03.13	01:36:16.679	159.281	159.282			6
2026.03.13	01:36:17.280	159.280	159.286			6
2026.03.13	01:36:20.895		159.285			4
2026.03.13	01:36:21.195	159.281	159.288			6
2026.03.13	01:36:21.496	159.280	159.287			6
2026.03.13	01:36:23.899		159.286			4
2026.03.13	01:36:24.199	159.281				2
2026.03.13	01:36:26.302		159.285			4
2026.03.13	01:36:26.606	159.280				2
2026.03.13	01:36:27.206	159.281	159.284			6
2026.03.13	01:36:28.112	159.282				2
2026.03.13	01:36:29.315	159.283				2
2026.03.13	01:36:30.218	159.282	159.283			6
2026.03.13	01:36:35.939	159.281	159.282			6
2026.03.13	01:36:38.948	159.282	159.283			6
2026.03.13	01:36:39.242	159.279	159.280			6
2026.03.13	01:36:39.843	159.280	159.281			6
2026.03.13	01:36:42.546	159.279	159.280			6
2026.03.13	01:36:42.844	159.282	159.283			6
2026.03.13	01:36:54.266	159.281	159.282			6
2026.03.13	01:36:57.269	159.283	159.284			6
2026.03.13	01:36:59.671	159.277	159.278			6
2026.03.13	01:37:00.273	159.277				2
2026.03.13	01:37:01.173	159.273				2
2026.03.13	01:37:02.375		159.279			4
2026.03.13	01:37:05.081	159.275				2
2026.03.13	01:37:05.980	159.274				2
2026.03.13	01:37:08.385	159.275				2
2026.03.13	01:37:10.184	159.276				2
2026.03.13	01:37:11.083	159.277				2
2026.03.13	01:37:11.384	159.275				2
2026.03.13	01:37:11.685		159.278			4
2026.03.13	01:37:13.199	159.276				2
2026.03.13	01:37:14.094	159.277				2
2026.03.13	01:37:18.900	159.276	159.277			6
2026.03.13	01:37:20.399	159.275	159.276			6
2026.03.13	01:37:20.698	159.274	159.275			6
2026.03.13	01:37:22.204	159.276	159.277			6
2026.03.13	01:37:22.504	159.277	159.278			6
2026.03.13	01:37:22.799	159.278	159.279			6
2026.03.13	01:37:30.308	159.279	159.280			6
2026.03.13	01:37:30.605	159.278	159.279			6
2026.03.13	01:37:41.718	159.279	159.280			6
2026.03.13	01:37:42.019	159.278	159.279			6
2026.03.13	01:37:45.325	159.283	159.284			6
2026.03.13	01:37:46.226	159.280	159.285			6
2026.03.13	01:37:51.342		159.284			4
2026.03.13	01:37:52.246	159.281				2
2026.03.13	01:37:53.145		159.283			4
2026.03.13	01:37:54.351	159.282				2
2026.03.13	01:37:54.648	159.281	159.282			6
2026.03.13	01:37:55.249	159.282	159.283			6
2026.03.13	01:37:55.851	159.281	159.282			6
2026.03.13	01:37:56.761	159.282	159.283			6
2026.03.13	01:37:57.060	159.281	159.282			6
2026.03.13	01:37:57.360	159.290	159.291			6
2026.03.13	01:37:58.262	159.289	159.296			6
2026.03.13	01:37:58.563	159.288	159.295			6
2026.03.13	01:37:58.862	159.287	159.296			6
2026.03.13	01:37:59.163	159.289	159.295			6
2026.03.13	01:37:59.462	159.287	159.294			6
2026.03.13	01:37:59.762		159.295			4
2026.03.13	01:38:00.064	159.287	159.296			6
2026.03.13	01:38:00.362		159.295			4
2026.03.13	01:38:00.664	159.284	159.292			6
2026.03.13	01:38:01.263	159.285				2
2026.03.13	01:38:01.564	159.284				2
2026.03.13	01:38:01.864	159.285				2
2026.03.13	01:38:02.163	159.284				2
2026.03.13	01:38:02.464	159.285				2
2026.03.13	01:38:03.064	159.284				2
2026.03.13	01:38:03.664	159.285				2
2026.03.13	01:38:06.365	159.286				2
2026.03.13	01:38:06.666		159.291			4
2026.03.13	01:38:06.966		159.292			4
2026.03.13	01:38:08.168		159.291			4
2026.03.13	01:38:08.467	159.287	159.292			6
2026.03.13	01:38:08.768	159.286	159.291			6
2026.03.13	01:38:09.373	159.287	159.290			6
2026.03.13	01:38:09.670	159.286				2
2026.03.13	01:38:09.971	159.287	159.291			6
2026.03.13	01:38:10.270	159.288				2
2026.03.13	01:38:10.570	159.287	159.290			6
2026.03.13	01:38:11.171	159.288	159.291			6
2026.03.13	01:38:12.074	159.287	159.290			6
2026.03.13	01:38:12.374	159.288	159.289			6
2026.03.13	01:38:15.382	159.289	159.290			6
2026.03.13	01:38:15.983	159.288	159.289			6
2026.03.13	01:38:18.685	159.287	159.288			6
2026.03.13	01:38:18.984	159.280	159.281			6
2026.03.13	01:38:19.286	159.283	159.284			6
2026.03.13	01:38:20.185	159.281	159.286			6
2026.03.13	01:38:21.391	159.282				2
2026.03.13	01:38:22.292		159.285			4
2026.03.13	01:38:23.194	159.283	159.284			6
2026.03.13	01:38:24.096	159.282	159.283			6
2026.03.13	01:38:32.224	159.281	159.282			6
2026.03.13	01:38:32.527	159.282	159.283			6
2026.03.13	01:38:57.172	159.300	159.301			6
2026.03.13	01:38:57.471	159.302	159.303			6
2026.03.13	01:38:58.372	159.306	159.307			6
2026.03.13	01:38:58.672	159.300				2
2026.03.13	01:38:58.971	159.303				2
2026.03.13	01:38:59.272	159.301	159.306			6
2026.03.13	01:38:59.572		159.307			4
2026.03.13	01:38:59.872	159.302	159.308			6
2026.03.13	01:39:00.173	159.300	159.306			6
2026.03.13	01:39:00.473	159.298				2
2026.03.13	01:39:00.773	159.299	159.307			6
2026.03.13	01:39:02.277	159.300	159.308			6
2026.03.13	01:39:02.574	159.301				2
2026.03.13	01:39:02.875	159.299	159.306			6
2026.03.13	01:39:03.174		159.305			4
2026.03.13	01:39:04.375	159.298				2
2026.03.13	01:39:06.184		159.304			4
2026.03.13	01:39:08.289	159.299				2
2026.03.13	01:39:09.194		159.303			4
2026.03.13	01:39:09.494	159.300	159.304			6
2026.03.13	01:39:11.299	159.297	159.300			6
2026.03.13	01:39:11.597	159.299	159.302			6
2026.03.13	01:39:12.499	159.298	159.301			6
2026.03.13	01:39:13.100		159.300			4
2026.03.13	01:39:14.302	159.299	159.301			6
2026.03.13	01:39:15.204	159.300				2
2026.03.13	01:39:19.106	159.299	159.300			6
2026.03.13	01:39:23.315	159.301	159.302			6
2026.03.13	01:39:24.520	159.302	159.303			6
2026.03.13	01:39:25.421	159.300	159.301			6
2026.03.13	01:39:26.321	159.298	159.299			6
2026.03.13	01:39:27.522	159.296	159.297			6
2026.03.13	01:39:27.823	159.295	159.296			6
2026.03.13	01:39:28.126	159.294	159.295			6
2026.03.13	01:39:28.425	159.295	159.296			6
2026.03.13	01:39:28.726	159.294	159.295			6
2026.03.13	01:39:30.229	159.295	159.296			6
2026.03.13	01:39:30.530	159.294	159.295			6
2026.03.13	01:39:30.832	159.293	159.294			6
2026.03.13	01:39:31.133	159.292	159.293			6
2026.03.13	01:39:31.433	159.298	159.299			6
2026.03.13	01:39:31.733	159.295	159.296			6
2026.03.13	01:39:32.033	159.294	159.295			6
2026.03.13	01:39:32.934	159.295	159.296			6
2026.03.13	01:39:33.234	159.294	159.295			6
2026.03.13	01:39:33.534	159.293	159.294			6
2026.03.13	01:39:33.835	159.294	159.295			6
2026.03.13	01:39:34.138	159.295	159.296			6
2026.03.13	01:39:34.735	159.294	159.295			6
2026.03.13	01:39:35.035	159.295	159.296			6
2026.03.13	01:39:35.635	159.294	159.295			6
2026.03.13	01:39:36.236	159.296	159.297			6
2026.03.13	01:39:36.535	159.295	159.296			6
2026.03.13	01:39:36.836	159.294	159.295			6
2026.03.13	01:39:37.737	159.295	159.296			6
2026.03.13	01:39:38.038	159.293	159.294			6
2026.03.13	01:39:38.338	159.296	159.297			6
2026.03.13	01:39:38.638	159.294	159.295			6
2026.03.13	01:39:38.939	159.295	159.296			6
2026.03.13	01:39:39.239	159.296	159.297			6
2026.03.13	01:39:39.540	159.295	159.296			6
2026.03.13	01:39:39.839	159.294	159.295			6
2026.03.13	01:39:40.739	159.295	159.296			6
2026.03.13	01:39:41.039	159.294	159.295			6
2026.03.13	01:39:41.339	159.295	159.296			6
2026.03.13	01:39:41.638	159.294	159.295			6
2026.03.13	01:39:41.939	159.295	159.296			6
2026.03.13	01:39:42.240	159.296	159.297			6
2026.03.13	01:39:42.540	159.295	159.296			6
2026.03.13	01:39:43.140	159.294	159.295			6
2026.03.13	01:39:43.440	159.295	159.296			6
2026.03.13	01:39:44.040	159.294	159.295			6
2026.03.13	01:39:44.641	159.296	159.297			6
2026.03.13	01:39:44.942	159.295	159.296			6
2026.03.13	01:39:45.241	159.296	159.297			6
2026.03.13	01:39:45.542	159.295	159.296			6
2026.03.13	01:39:46.141	159.294	159.295			6
2026.03.13	01:39:46.743	159.296	159.297			6
2026.03.13	01:39:47.043	159.294	159.295			6
2026.03.13	01:39:47.644	159.296	159.297			6
2026.03.13	01:39:48.544	159.295	159.296			6
2026.03.13	01:39:48.844	159.293	159.294			6
2026.03.13	01:39:49.144	159.295	159.296			6
2026.03.13	01:39:49.445	159.296	159.297			6
2026.03.13	01:39:49.745	159.295	159.296			6
2026.03.13	01:39:50.044	159.296	159.297			6
2026.03.13	01:39:50.345	159.292	159.293			6
2026.03.13	01:39:52.148	159.291	159.292			6
2026.03.13	01:39:54.552	159.290	159.291			6
2026.03.13	01:39:58.464	159.292	159.293			6
2026.03.13	01:39:59.661	159.293	159.294			6
2026.03.13	01:39:59.964	159.292	159.293			6
2026.03.13	01:40:00.262	159.292				2
2026.03.13	01:40:00.561	159.291	159.292			6
2026.03.13	01:40:02.367	159.290	159.291			6
2026.03.13	01:40:26.725	159.286	159.287			6
2026.03.13	01:40:27.924	159.287	159.288			6
2026.03.13	01:40:28.223	159.288	159.289			6
2026.03.13	01:40:28.523	159.284	159.285			6
2026.03.13	01:40:28.825	159.280	159.281			6
2026.03.13	01:40:29.125	159.275	159.280			6
2026.03.13	01:40:29.425	159.272				2
2026.03.13	01:40:29.726	159.269	159.275			6
2026.03.13	01:40:30.025	159.270				2
2026.03.13	01:40:30.325	159.268	159.277			6
2026.03.13	01:40:30.626		159.276			4
2026.03.13	01:40:32.129	159.269	159.275			6
2026.03.13	01:40:32.428	159.268	159.276			6
2026.03.13	01:40:32.731	159.270	159.277			6
2026.03.13	01:40:33.031		159.276			4
2026.03.13	01:40:33.332		159.278			4
2026.03.13	01:40:33.633		159.277			4
2026.03.13	01:40:34.534	159.271	159.278			6
2026.03.13	01:40:35.135	159.272	159.277			6
2026.03.13	01:40:35.435	159.271	159.276			6
2026.03.13	01:40:35.735	159.270				2
2026.03.13	01:40:36.336	159.269	159.275			6
2026.03.13	01:40:36.635	159.268				2
2026.03.13	01:40:36.937	159.269				2
2026.03.13	01:40:37.538		159.274			4
2026.03.13	01:40:37.838		159.275			4
2026.03.13	01:40:38.138	159.270				2
2026.03.13	01:40:38.439	159.269	159.274			6
2026.03.13	01:40:38.739	159.270	159.275			6
2026.03.13	01:40:39.039	159.269	159.274			6
2026.03.13	01:40:40.239	159.270				2
2026.03.13	01:40:40.539	159.271				2
2026.03.13	01:40:41.141		159.275			4
2026.03.13	01:40:41.441	159.266	159.270			6
2026.03.13	01:40:41.741	159.267				2
2026.03.13	01:40:42.342		159.271			4
2026.03.13	01:40:42.642	159.266				2
2026.03.13	01:40:43.242		159.270			4
2026.03.13	01:40:43.541	159.267	159.271			6
2026.03.13	01:40:43.842	159.266	159.270			6
2026.03.13	01:40:44.144	159.267				2
2026.03.13	01:40:44.443	159.266	159.269			6
2026.03.13	01:40:44.744	159.267				2
2026.03.13	01:40:45.046	159.268	159.271			6
2026.03.13	01:40:45.348	159.267	159.269			6
2026.03.13	01:40:46.248	159.268				2
2026.03.13	01:40:46.849	159.267	159.268			6
2026.03.13	01:40:47.148	159.268	159.269			6
2026.03.13	01:40:47.748	159.267	159.268			6
2026.03.13	01:40:48.048	159.268	159.269			6
2026.03.13	01:40:48.654	159.267	159.268			6
2026.03.13	01:40:49.556	159.268	159.269			6
2026.03.13	01:40:52.862	159.267	159.268			6
2026.03.13	01:40:53.161	159.268	159.269			6
2026.03.13	01:40:53.462	159.269	159.270			6
2026.03.13	01:40:53.760	159.268	159.269			6
2026.03.13	01:40:55.562	159.269	159.270			6
2026.03.13	01:40:55.862	159.268	159.269			6
2026.03.13	01:40:57.062	159.269	159.270			6
2026.03.13	01:40:57.363	159.268	159.269			6
2026.03.13	01:40:58.264	159.269	159.270			6
2026.03.13	01:40:58.565	159.268	159.269			6
2026.03.13	01:40:58.868	159.270	159.271			6
2026.03.13	01:40:59.165	159.269	159.270			6
2026.03.13	01:40:59.469	159.268	159.269			6
2026.03.13	01:41:00.072	159.268				2
2026.03.13	01:41:02.767	159.269	159.270			6
2026.03.13	01:41:03.368	159.270	159.271			6
2026.03.13	01:41:03.668	159.271	159.272			6
2026.03.13	01:41:03.968	159.270	159.271			6
2026.03.13	01:41:05.770	159.271	159.272			6
2026.03.13	01:41:10.879	159.269	159.270			6
2026.03.13	01:41:11.178	159.270	159.271			6
2026.03.13	01:41:12.378	159.269	159.270			6
2026.03.13	01:41:13.280	159.268	159.269			6
2026.03.13	01:41:13.580	159.269	159.270			6
2026.03.13	01:41:14.181	159.268	159.269			6
2026.03.13	01:41:15.082	159.269	159.270			6
2026.03.13	01:41:16.285	159.268	159.269			6
2026.03.13	01:41:16.585	159.269	159.270			6
2026.03.13	01:41:16.886	159.268	159.269			6
2026.03.13	01:41:17.186	159.270	159.271			6
2026.03.13	01:41:17.487	159.269	159.270			6
2026.03.13	01:41:18.991	159.268	159.269			6
2026.03.13	01:41:19.592	159.270	159.271			6
2026.03.13	01:41:19.892	159.268	159.269			6
2026.03.13	01:41:20.494	159.269	159.270			6
2026.03.13	01:41:21.695	159.267	159.268			6
2026.03.13	01:41:21.995	159.264	159.265			6
2026.03.13	01:41:22.295	159.263	159.267			6
2026.03.13	01:41:23.195		159.266			4
2026.03.13	01:41:24.103	159.264	159.265			6
2026.03.13	01:41:34.617	159.263	159.264			6
2026.03.13	01:41:49.640	159.258	159.259			6
2026.03.13	01:41:51.143	159.255	159.261			6
2026.03.13	01:41:53.245	159.256				2
2026.03.13	01:41:54.147		159.260			4
2026.03.13	01:41:56.251	159.257				2
2026.03.13	01:41:56.854		159.258			4
2026.03.13	01:41:57.156		159.259			4
2026.03.13	01:41:58.359	159.258				2
2026.03.13	01:42:00.160	159.258				2
2026.03.13	01:42:03.765	159.257	159.258			6
2026.03.13	01:42:04.365	159.258	159.259			6
2026.03.13	01:42:04.966	159.262	159.263			6
2026.03.13	01:42:05.266	159.263	159.264			6
2026.03.13	01:42:06.167	159.259	159.263			6
2026.03.13	01:42:09.173	159.260				2
2026.03.13	01:42:11.274	159.261				2
2026.03.13	01:42:12.182	159.262				2
2026.03.13	01:42:13.083		159.264			4
2026.03.13	01:42:13.384	159.263				2
2026.03.13	01:42:17.898	159.264	159.265			6
2026.03.13	01:42:39.249	159.263	159.264			6
2026.03.13	01:42:44.960	159.264	159.265			6
2026.03.13	01:42:46.461	159.265	159.266			6
2026.03.13	01:42:47.661	159.262	159.263			6
2026.03.13	01:42:47.960	159.263	159.264			6
2026.03.13	01:42:52.766	159.264	159.265			6
2026.03.13	01:43:00.283	159.264				2
2026.03.13	01:43:12.898	159.265	159.266			6
2026.03.13	01:43:27.343	159.263	159.264			6
2026.03.13	01:43:27.644	159.264	159.265			6
2026.03.13	01:43:28.249	159.261	159.268			6
2026.03.13	01:43:29.152	159.260				2
2026.03.13	01:43:31.259	159.261				2
2026.03.13	01:43:33.362		159.267			4
2026.03.13	01:43:35.166	159.262				2
2026.03.13	01:43:36.370	159.263				2
2026.03.13	01:43:36.970	159.264	159.268			6
2026.03.13	01:43:37.271	159.262	159.266			6
2026.03.13	01:43:37.873	159.263	159.267			6
2026.03.13	01:43:38.173		159.266			4
2026.03.13	01:43:39.375	159.264				2
2026.03.13	01:43:40.279		159.265			4
2026.03.13	01:43:51.399	159.263	159.264			6
2026.03.13	01:43:51.698	159.264	159.265			6
2026.03.13	01:44:00.114	159.264				2
2026.03.13	01:44:01.621	159.265	159.266			6
2026.03.13	01:44:09.145	159.264	159.265			6
2026.03.13	01:44:49.741	159.265	159.266			6
2026.03.13	01:44:56.359	159.264	159.265			6
2026.03.13	01:44:57.261	159.263				2
2026.03.13	01:44:59.365	159.264				2
2026.03.13	01:45:00.272	159.264				2
2026.03.13	01:45:00.575	159.270	159.271			6
2026.03.13	01:45:00.867	159.269	159.270			6
2026.03.13	01:45:01.168	159.265	159.273			6
2026.03.13	01:45:02.068		159.274			4
2026.03.13	01:45:05.075	159.270	159.276			6
2026.03.13	01:45:05.374	159.272	159.279			6
2026.03.13	01:45:05.675		159.278			4
2026.03.13	01:45:05.977		159.279			4
2026.03.13	01:45:06.578		159.278			4
2026.03.13	01:45:06.879		159.279			4
2026.03.13	01:45:09.285		159.278			4
2026.03.13	01:45:11.087		159.279			4
2026.03.13	01:45:11.386		159.278			4
2026.03.13	01:45:16.455	159.282	159.290			6
2026.03.13	01:45:18.845	159.283				2
2026.03.13	01:45:19.148		159.289			4
2026.03.13	01:45:20.050	159.282				2
2026.03.13	01:45:20.803	159.281	159.288			6
2026.03.13	01:45:21.103		159.287			4
2026.03.13	01:45:23.206	159.282				2
2026.03.13	01:45:25.310		159.286			4
2026.03.13	01:45:27.414	159.283				2
2026.03.13	01:45:28.316		159.285			4
2026.03.13	01:45:28.616	159.284	159.286			6
2026.03.13	01:45:28.916	159.287	159.289			6
2026.03.13	01:45:32.229		159.288			4
2026.03.13	01:45:33.129	159.288	159.289			6
2026.03.13	01:45:41.248	159.289	159.290			6
2026.03.13	01:45:50.860	159.290	159.291			6
2026.03.13	01:46:00.172	159.290				2
2026.03.13	01:46:05.889	159.289	159.290			6
2026.03.13	01:46:12.507	159.288	159.289			6
2026.03.13	01:46:21.234	159.289	159.290			6
2026.03.13	01:46:21.534	159.294	159.295			6
2026.03.13	01:46:21.834	159.295	159.296			6
2026.03.13	01:46:22.135	159.291	159.299			6
2026.03.13	01:46:22.435		159.300			4
2026.03.13	01:46:22.736	159.292	159.299			6
2026.03.13	01:46:23.337		159.300			4
2026.03.13	01:46:23.637	159.293				2
2026.03.13	01:46:23.941		159.299			4
2026.03.13	01:46:25.141		159.298			4
2026.03.13	01:46:25.442		159.299			4
2026.03.13	01:46:26.349		159.298			4
2026.03.13	01:46:27.554	159.287	159.293			6
2026.03.13	01:46:28.155	159.289	159.297			6
2026.03.13	01:46:28.455	159.290				2
2026.03.13	01:46:29.056	159.291	159.299			6
2026.03.13	01:46:29.356	159.290				2
2026.03.13	01:46:29.656		159.298			4
2026.03.13	01:46:29.957		159.299			4
2026.03.13	01:46:30.257	159.289	159.296			6
2026.03.13	01:46:30.557		159.297			4
2026.03.13	01:46:32.247		159.296			4
2026.03.13	01:46:34.355		159.295			4
2026.03.13	01:46:34.955	159.291	159.297			6
2026.03.13	01:46:35.856	159.294	159.300			6
2026.03.13	01:46:36.156		159.301			4
2026.03.13	01:46:36.457	159.292	159.299			6
2026.03.13	01:46:37.058	159.291	159.298			6
2026.03.13	01:46:37.358		159.299			4
2026.03.13	01:46:38.258		159.298			4
2026.03.13	01:46:40.360	159.292				2
2026.03.13	01:46:40.961	159.291	159.297			6
2026.03.13	01:46:41.261	159.293	159.298			6
2026.03.13	01:46:41.861	159.294	159.299			6
2026.03.13	01:46:42.762	159.295	159.300			6
2026.03.13	01:46:43.062	159.296	159.301			6
2026.03.13	01:46:43.362	159.297				2
2026.03.13	01:46:43.662	159.296	159.300			6
2026.03.13	01:46:44.263	159.297				2
2026.03.13	01:46:44.863	159.298	159.301			6
2026.03.13	01:46:46.365		159.300			4
2026.03.13	01:46:46.966	159.299	159.301			6
2026.03.13	01:46:47.265		159.300			4
2026.03.13	01:47:00.181	159.299				2
2026.03.13	01:47:02.885	159.303	159.304			6
2026.03.13	01:47:03.185	159.302	159.303			6
2026.03.13	01:47:03.487	159.303	159.304			6
2026.03.13	01:47:04.990	159.306	159.307			6
2026.03.13	01:47:05.290	159.304	159.310			6
2026.03.13	01:47:06.195	159.306	159.311			6
2026.03.13	01:47:07.396	159.307				2
2026.03.13	01:47:07.997	159.308	159.312			6
2026.03.13	01:47:08.297	159.307	159.310			6
2026.03.13	01:47:09.199	159.308				2
2026.03.13	01:47:09.500	159.309	159.311			6
2026.03.13	01:47:09.801	159.307	159.309			6
2026.03.13	01:47:10.101	159.308				2
2026.03.13	01:47:11.603	159.306	159.307			6
2026.03.13	01:47:12.203		159.308			4
2026.03.13	01:47:13.104		159.307			4
2026.03.13	01:47:13.704	159.307	159.308			6
2026.03.13	01:47:14.005	159.306	159.307			6
2026.03.13	01:47:14.905	159.307	159.308			6
2026.03.13	01:47:16.407	159.306	159.307			6
2026.03.13	01:47:16.710	159.308	159.309			6
2026.03.13	01:47:17.312	159.307	159.308			6
2026.03.13	01:47:18.214	159.308	159.309			6
2026.03.13	01:47:18.513	159.307	159.308			6
2026.03.13	01:47:19.719	159.308	159.309			6
2026.03.13	01:47:21.225	159.309	159.310			6
2026.03.13	01:47:21.527	159.311	159.312			6
2026.03.13	01:47:21.828	159.309	159.310			6
