<DATE>	<TIME>	<BID>	<ASK>	<LAST>	<VOLUME>	<FLAGS>
2026.01.15	00:03:31.135	158.397	158.456			6
2026.01.15	00:03:47.814	158.380				2
2026.01.15	00:04:00.163	158.380				2
2026.01.15	00:04:01.393	158.386				2
2026.01.15	00:04:01.696	158.388				2
2026.01.15	00:04:06.335	158.389				2
2026.01.15	00:04:16.526	158.414				2
2026.01.15	00:04:31.346		158.456			4
2026.01.15	00:04:47.101	158.389				2
2026.01.15	00:04:56.370	158.380				2
2026.01.15	00:05:00.068	158.380				2
2026.01.15	00:05:00.381		158.457			4
2026.01.15	00:05:01.318		158.441			4
2026.01.15	00:05:05.344		158.439			4
2026.01.15	00:05:07.192		158.441			4
2026.01.15	00:05:10.283		158.440			4
2026.01.15	00:05:15.845	158.389				2
2026.01.15	00:05:19.254		158.438			4
2026.01.15	00:05:45.859		158.437			4
2026.01.15	00:05:46.473	158.380				2
2026.01.15	00:05:47.400		158.438			4
2026.01.15	00:05:52.341		158.440			4
2026.01.15	00:05:53.274	158.389				2
2026.01.15	00:06:00.069	158.389				2
2026.01.15	00:06:02.538		158.445			4
2026.01.15	00:06:02.851	158.349				2
2026.01.15	00:06:03.466	158.380				2
2026.01.15	00:06:11.189		158.444			4
2026.01.15	00:06:12.433		158.450			4
2026.01.15	00:06:14.602		158.452			4
2026.01.15	00:06:17.092		158.453			4
2026.01.15	00:06:27.333		158.452			4
2026.01.15	00:06:29.182		158.454			4
2026.01.15	00:06:42.169		158.452			4
2026.01.15	00:06:44.037		158.454			4
2026.01.15	00:06:44.352		158.455			4
2026.01.15	00:06:45.900		158.456			4
2026.01.15	00:06:57.044		158.455			4
2026.01.15	00:07:00.147	158.380				2
2026.01.15	00:07:00.452		158.453			4
2026.01.15	00:07:01.076		158.452			4
2026.01.15	00:07:01.383		158.456			4
2026.01.15	00:07:33.914		158.455			4
2026.01.15	00:07:45.378		158.456			4
2026.01.15	00:07:56.517	158.384				2
2026.01.15	00:07:58.680		158.457			4
2026.01.15	00:07:59.604		158.458			4
2026.01.15	00:08:00.224	158.384				2
2026.01.15	00:08:01.773	158.357				2
2026.01.15	00:08:02.076	158.356	158.457			6
2026.01.15	00:08:02.717	158.384				2
2026.01.15	00:08:27.170		158.458			4
2026.01.15	00:08:27.782	158.380				2
2026.01.15	00:08:41.672		158.465			4
2026.01.15	00:08:50.644		158.461			4
2026.01.15	00:09:00.236	158.380				2
2026.01.15	00:09:00.544		158.462			4
2026.01.15	00:09:01.469	158.386				2
2026.01.15	00:09:03.022		158.461			4
2026.01.15	00:09:32.700	158.380				2
2026.01.15	00:09:33.008		158.465			4
2026.01.15	00:09:41.347	158.386				2
2026.01.15	00:09:46.981		158.464			4
2026.01.15	00:10:00.024	158.386				2
2026.01.15	00:10:02.200	158.364				2
2026.01.15	00:10:02.517	158.360	158.466			6
2026.01.15	00:10:02.825	158.380				2
2026.01.15	00:10:03.570	158.360				2
2026.01.15	00:10:04.200	158.380				2
2026.01.15	00:10:11.674	158.360	158.467			6
2026.01.15	00:10:23.472	158.361	158.468			6
2026.01.15	00:10:55.681	158.347	158.480			6
2026.01.15	00:10:56.298	158.360	158.468			6
2026.01.15	00:11:00.016	158.360				2
2026.01.15	00:11:06.521	158.380	158.466			6
2026.01.15	00:11:09.017	158.360	158.468			6
2026.01.15	00:11:09.939	158.380	158.466			6
2026.01.15	00:11:21.509	158.360	158.470			6
2026.01.15	00:11:21.820	158.343				2
2026.01.15	00:11:22.442	158.380	158.466			6
2026.01.15	00:11:28.475	158.360	158.470			6
2026.01.15	00:11:29.399	158.380	158.466			6
2026.01.15	00:11:34.193	158.360	158.470			6
2026.01.15	00:11:35.117	158.380	158.466			6
2026.01.15	00:11:43.091		158.467			4
2026.01.15	00:12:04.693	158.380				2
2026.01.15	00:12:47.704		158.467			4
2026.01.15	00:13:01.235	158.380				2
2026.01.15	00:13:51.866		158.467			4
2026.01.15	00:13:59.592		158.468			4
2026.01.15	00:14:03.492	158.380				2
2026.01.15	00:14:04.693		158.467			4
2026.01.15	00:14:42.492		158.468			4
2026.01.15	00:14:46.997	158.374	158.494			6
2026.01.15	00:14:55.865		158.479			4
2026.01.15	00:15:00.241	158.374				2
2026.01.15	00:15:00.548		158.480			4
2026.01.15	00:15:01.170		158.479			4
2026.01.15	00:15:03.038		158.480			4
2026.01.15	00:15:07.087		158.485			4
2026.01.15	00:15:09.412	158.392				2
2026.01.15	00:15:09.739	158.376				2
2026.01.15	00:15:10.087	158.392				2
2026.01.15	00:15:11.046	158.376				2
2026.01.15	00:15:11.369	158.392				2
2026.01.15	00:15:11.714	158.376				2
2026.01.15	00:15:12.047	158.392				2
2026.01.15	00:15:12.348	158.376				2
2026.01.15	00:15:12.675	158.392				2
2026.01.15	00:15:12.998	158.376				2
2026.01.15	00:15:16.770		158.486			4
2026.01.15	00:15:19.991		158.485			4
2026.01.15	00:15:43.824		158.492			4
2026.01.15	00:16:07.127	158.377	158.496			6
2026.01.15	00:16:08.058	158.376	158.492			6
2026.01.15	00:16:22.082		158.489			4
2026.01.15	00:16:23.327		158.490			4
2026.01.15	00:16:29.532	158.380	158.492			6
2026.01.15	00:16:29.837	158.376	158.491			6
2026.01.15	00:16:34.790		158.492			4
2026.01.15	00:16:35.971		158.491			4
2026.01.15	00:16:46.847		158.488			4
2026.01.15	00:16:48.392		158.489			4
2026.01.15	00:16:53.985		158.492			4
2026.01.15	00:16:54.296		158.490			4
2026.01.15	00:16:59.258		158.492			4
2026.01.15	00:17:01.693	158.376				2
2026.01.15	00:17:13.326	158.375				2
2026.01.15	00:17:19.812		158.490			4
2026.01.15	00:17:21.060		158.486			4
2026.01.15	00:17:26.973		158.485			4
2026.01.15	00:17:27.593		158.481			4
2026.01.15	00:17:31.632		158.479			4
2026.01.15	00:17:52.771		158.482			4
2026.01.15	00:17:56.192		158.484			4
2026.01.15	00:18:00.217	158.375				2
2026.01.15	00:18:07.059		158.485			4
2026.01.15	00:18:07.365		158.486			4
2026.01.15	00:18:21.297		158.481			4
2026.01.15	00:18:21.609		158.483			4
2026.01.15	00:18:24.633		158.480			4
2026.01.15	00:18:26.492		158.487			4
2026.01.15	00:18:27.725		158.489			4
2026.01.15	00:18:28.966		158.488			4
2026.01.15	00:18:33.952		158.487			4
2026.01.15	00:18:35.510		158.488			4
2026.01.15	00:18:36.745		158.487			4
2026.01.15	00:18:40.492		158.482			4
2026.01.15	00:18:41.739		158.483			4
2026.01.15	00:18:58.499		158.482			4
2026.01.15	00:19:00.585	158.375	158.481			6
2026.01.15	00:19:01.843		158.479			4
2026.01.15	00:19:02.150		158.480			4
2026.01.15	00:19:06.799		158.483			4
2026.01.15	00:19:09.909		158.484			4
2026.01.15	00:19:13.325		158.483			4
2026.01.15	00:19:15.501		158.480			4
2026.01.15	00:19:18.313		158.481			4
2026.01.15	00:19:18.931		158.480			4
2026.01.15	00:19:19.551		158.481			4
2026.01.15	00:19:23.277		158.482			4
2026.01.15	00:19:31.127		158.465			4
2026.01.15	00:19:32.982		158.464			4
2026.01.15	00:19:34.223		158.466			4
2026.01.15	00:19:34.856		158.465			4
2026.01.15	00:19:41.358		158.466			4
2026.01.15	00:19:43.211		158.460			4
2026.01.15	00:19:46.325		158.461			4
2026.01.15	00:19:55.951		158.460			4
2026.01.15	00:19:56.568		158.468			4
2026.01.15	00:20:00.000	158.375				2
2026.01.15	00:20:00.311		158.482			4
2026.01.15	00:20:38.484		158.481			4
2026.01.15	00:20:48.190		158.480			4
2026.01.15	00:20:48.492		158.490			4
2026.01.15	00:20:49.117		158.486			4
2026.01.15	00:20:49.738		158.485			4
2026.01.15	00:20:50.042		158.486			4
2026.01.15	00:20:50.664		158.485			4
2026.01.15	00:20:50.980		158.482			4
2026.01.15	00:20:51.286		158.481			4
2026.01.15	00:20:53.143		158.487			4
2026.01.15	00:20:59.986		158.488			4
2026.01.15	00:21:00.291	158.375	158.489			6
2026.01.15	00:21:07.752		158.490			4
2026.01.15	00:21:12.006		158.489			4
2026.01.15	00:21:13.247	158.377				2
2026.01.15	00:21:27.550		158.490			4
2026.01.15	00:21:31.393		158.492			4
2026.01.15	00:21:47.088		158.490			4
2026.01.15	00:21:48.965		158.491			4
2026.01.15	00:22:00.156	158.377	158.492			6
2026.01.15	00:22:08.847		158.491			4
2026.01.15	00:22:30.328		158.492			4
2026.01.15	00:22:30.639		158.494			4
2026.01.15	00:22:49.743		158.493			4
2026.01.15	00:23:00.257	158.377				2
2026.01.15	00:23:07.375		158.494			4
2026.01.15	00:23:08.617	158.382				2
2026.01.15	00:23:15.473		158.488			4
2026.01.15	00:23:22.298		158.489			4
2026.01.15	00:23:24.168	158.371	158.490			6
2026.01.15	00:23:24.482	158.370	158.519			6
2026.01.15	00:23:24.790		158.517			4
2026.01.15	00:23:27.278	158.369				2
2026.01.15	00:23:27.586	158.370	158.522			6
2026.01.15	00:23:29.456	158.371				2
2026.01.15	00:23:29.758		158.519			4
2026.01.15	00:23:31.619		158.518			4
2026.01.15	00:23:31.925	158.372				2
2026.01.15	00:23:41.246		158.523			4
2026.01.15	00:23:41.560		158.522			4
2026.01.15	00:23:50.860	158.354	158.544			6
2026.01.15	00:23:53.175	158.362				2
2026.01.15	00:24:01.588	158.362				2
2026.01.15	00:24:04.682	158.363	158.532			6
2026.01.15	00:24:07.456	158.362				2
2026.01.15	00:24:09.191	158.363				2
2026.01.15	00:24:18.793	158.361				2
2026.01.15	00:24:34.484	158.366	158.522			6
2026.01.15	00:24:35.099		158.521			4
2026.01.15	00:24:35.717		158.520			4
2026.01.15	00:24:36.030		158.518			4
2026.01.15	00:24:36.339	158.364	158.514			6
2026.01.15	00:24:38.530		158.510			4
2026.01.15	00:24:39.155	158.363				2
2026.01.15	00:24:45.080		158.508			4
2026.01.15	00:24:47.247		158.506			4
2026.01.15	00:24:52.206		158.505			4
2026.01.15	00:24:54.369		158.499			4
2026.01.15	00:24:55.308		158.500			4
2026.01.15	00:24:56.245		158.499			4
2026.01.15	00:24:56.555	158.364				2
2026.01.15	00:25:00.268	158.364				2
2026.01.15	00:25:13.343	158.363				2
2026.01.15	00:25:14.893	158.362				2
2026.01.15	00:25:31.670	158.359	158.509			6
2026.01.15	00:25:45.311		158.510			4
2026.01.15	00:25:54.944	158.357	158.508			6
2026.01.15	00:26:00.213	158.357				2
2026.01.15	00:26:06.386		158.509			4
2026.01.15	00:26:11.344		158.510			4
2026.01.15	00:26:18.515		158.511			4
2026.01.15	00:26:22.841		158.509			4
2026.01.15	00:26:47.981		158.525			4
2026.01.15	00:26:49.842	158.374				2
2026.01.15	00:26:50.151	158.360	158.523			6
2026.01.15	00:26:52.015	158.357	158.525			6
2026.01.15	00:26:52.322		158.524			4
2026.01.15	00:26:53.881		158.526			4
2026.01.15	00:27:00.091	158.357				2
2026.01.15	00:27:01.323		158.525			4
2026.01.15	00:27:08.746		158.523			4
2026.01.15	00:27:14.611		158.522			4
2026.01.15	00:27:19.870		158.521			4
2026.01.15	00:27:21.103		158.520			4
2026.01.15	00:27:21.416		158.519			4
2026.01.15	00:27:22.647		158.518			4
2026.01.15	00:27:23.265		158.517			4
2026.01.15	00:27:41.190		158.518			4
2026.01.15	00:27:42.425	158.359	158.527			6
2026.01.15	00:27:42.735		158.530			4
2026.01.15	00:27:44.593	158.358	158.518			6
2026.01.15	00:27:46.757		158.515			4
2026.01.15	00:27:47.686	158.357				2
2026.01.15	00:27:51.405		158.516			4
2026.01.15	00:27:52.644		158.518			4
2026.01.15	00:27:53.877		158.516			4
2026.01.15	00:27:57.587		158.514			4
2026.01.15	00:27:57.899		158.515			4
2026.01.15	00:28:00.052	158.357				2
2026.01.15	00:28:00.364		158.518			4
2026.01.15	00:28:00.985		158.517			4
2026.01.15	00:28:04.067		158.516			4
2026.01.15	00:28:12.074	158.356	158.517			6
2026.01.15	00:28:12.381		158.524			4
2026.01.15	00:28:13.004		158.523			4
2026.01.15	00:28:14.240	158.361	158.524			6
2026.01.15	00:28:16.407	158.357	158.513			6
2026.01.15	00:28:18.565		158.516			4
2026.01.15	00:28:19.183	158.356	158.517			6
2026.01.15	00:28:20.732	158.359	158.513			6
2026.01.15	00:28:21.346		158.514			4
2026.01.15	00:28:25.973		158.522			4
2026.01.15	00:28:26.280	158.357	158.525			6
2026.01.15	00:28:28.609		158.514			4
2026.01.15	00:28:30.472		158.518			4
2026.01.15	00:28:30.778		158.517			4
2026.01.15	00:28:33.246	158.377	158.514			6
2026.01.15	00:28:36.031		158.511			4
2026.01.15	00:28:37.263	158.375				2
2026.01.15	00:28:40.969		158.509			4
2026.01.15	00:28:42.516	158.378	158.518			6
2026.01.15	00:28:42.830	158.376				2
2026.01.15	00:28:43.133		158.510			4
2026.01.15	00:28:44.677	158.377	158.503			6
2026.01.15	00:28:45.918		158.504			4
2026.01.15	00:28:46.538		158.496			4
2026.01.15	00:28:47.151	158.376	158.502			6
2026.01.15	00:28:47.768		158.500			4
2026.01.15	00:28:49.616	158.377				2
2026.01.15	00:28:56.104	158.360	158.499			6
2026.01.15	00:28:56.416		158.498			4
2026.01.15	00:28:58.578	158.355	158.506			6
2026.01.15	00:29:00.123	158.355	158.504			6
2026.01.15	00:29:04.447		158.502			4
2026.01.15	00:29:08.173		158.500			4
2026.01.15	00:29:14.709		158.501			4
2026.01.15	00:29:19.993		158.502			4
2026.01.15	00:29:22.478	158.358	158.508			6
2026.01.15	00:29:22.790		158.511			4
2026.01.15	00:29:25.596	158.375	158.504			6
2026.01.15	00:29:26.221		158.505			4
2026.01.15	00:29:26.844		158.504			4
2026.01.15	00:29:27.470	158.372	158.507			6
2026.01.15	00:29:27.778		158.505			4
2026.01.15	00:29:28.403		158.504			4
2026.01.15	00:29:33.368	158.371				2
2026.01.15	00:29:40.816		158.503			4
2026.01.15	00:29:48.542	158.367	158.511			6
2026.01.15	00:29:48.887	158.369	158.502			6
2026.01.15	00:29:49.199		158.503			4
2026.01.15	00:29:49.817		158.500			4
2026.01.15	00:29:51.357	158.358	158.499			6
2026.01.15	00:29:52.287		158.498			4
2026.01.15	00:29:53.522	158.371	158.489			6
2026.01.15	00:29:55.370	158.373	158.495			6
2026.01.15	00:29:55.684	158.358	158.496			6
2026.01.15	00:29:57.537		158.497			4
2026.01.15	00:30:00.005	158.358				2
2026.01.15	00:30:00.314		158.499			4
2026.01.15	00:30:02.471	158.367	158.508			6
2026.01.15	00:30:03.402	158.368	158.512			6
2026.01.15	00:30:04.654		158.511			4
2026.01.15	00:30:05.609		158.510			4
2026.01.15	00:30:10.245	158.369				2
2026.01.15	00:30:13.947	158.371				2
2026.01.15	00:30:14.260		158.509			4
2026.01.15	00:30:23.236		158.508			4
2026.01.15	00:30:28.511	158.365	158.490			6
2026.01.15	00:30:29.432		158.489			4
2026.01.15	00:30:30.668		158.488			4
2026.01.15	00:30:32.832	158.366				2
2026.01.15	00:30:34.073		158.489			4
2026.01.15	00:30:34.380		158.487			4
2026.01.15	00:30:37.173	158.365	158.496			6
2026.01.15	00:30:37.481		158.495			4
2026.01.15	00:30:40.889		158.493			4
2026.01.15	00:30:41.519		158.491			4
2026.01.15	00:30:45.226		158.492			4
2026.01.15	00:30:46.160		158.488			4
2026.01.15	00:30:47.097	158.371	158.490			6
2026.01.15	00:30:48.025	158.370	158.491			6
2026.01.15	00:30:48.333	158.367	158.493			6
2026.01.15	00:30:48.644		158.490			4
2026.01.15	00:30:51.441	158.360	158.487			6
2026.01.15	00:30:52.372	158.363				2
2026.01.15	00:30:52.680	158.364	158.488			6
2026.01.15	00:30:52.987		158.486			4
2026.01.15	00:30:54.224		158.489			4
2026.01.15	00:30:54.838		158.491			4
2026.01.15	00:30:55.458	158.365				2
2026.01.15	00:30:57.003		158.490			4
2026.01.15	00:30:57.630		158.489			4
2026.01.15	00:30:59.184	158.366				2
2026.01.15	00:31:00.110	158.366				2
2026.01.15	00:31:01.346	158.369	158.488			6
2026.01.15	00:31:01.654		158.484			4
2026.01.15	00:31:02.581	158.370	158.488			6
2026.01.15	00:31:04.742		158.489			4
2026.01.15	00:31:05.049	158.371				2
2026.01.15	00:31:06.916	158.372				2
2026.01.15	00:31:07.222		158.490			4
2026.01.15	00:31:07.538		158.489			4
2026.01.15	00:31:07.854	158.373				2
2026.01.15	00:31:08.165		158.487			4
2026.01.15	00:31:08.779	158.374				2
2026.01.15	00:31:10.632	158.375	158.483			6
2026.01.15	00:31:11.252		158.482			4
2026.01.15	00:31:12.498		158.487			4
2026.01.15	00:31:12.815		158.486			4
2026.01.15	00:31:14.053	158.382				2
2026.01.15	00:31:14.359		158.481			4
2026.01.15	00:31:14.684		158.474			4
2026.01.15	00:31:15.310		158.478			4
2026.01.15	00:31:19.251	158.397				2
2026.01.15	00:31:21.867		158.479			4
2026.01.15	00:31:22.554	158.394				2
2026.01.15	00:31:23.572	158.388	158.474			6
2026.01.15	00:31:26.667	158.391	158.478			6
2026.01.15	00:31:31.692	158.385	158.471			6
2026.01.15	00:31:32.321		158.477			4
2026.01.15	00:31:32.627	158.388				2
2026.01.15	00:31:32.937	158.382	158.470			6
2026.01.15	00:31:33.859		158.474			4
2026.01.15	00:31:35.005		158.473			4
2026.01.15	00:31:36.238	158.377	158.469			6
2026.01.15	00:31:36.851	158.373	158.474			6
2026.01.15	00:31:40.753	158.376	158.470			6
2026.01.15	00:31:41.367		158.472			4
2026.01.15	00:31:41.668	158.374	158.457			6
2026.01.15	00:31:41.969		158.455			4
2026.01.15	00:31:42.274		158.460			4
2026.01.15	00:31:44.718		158.470			4
2026.01.15	00:31:45.945		158.467			4
2026.01.15	00:31:46.868		158.473			4
2026.01.15	00:31:48.099		158.469			4
2026.01.15	00:31:49.023		158.467			4
2026.01.15	00:31:49.325		158.472			4
2026.01.15	00:31:50.855	158.377	158.460			6
2026.01.15	00:31:51.772	158.380	158.462			6
2026.01.15	00:31:52.992		158.464			4
2026.01.15	00:31:55.129	158.382				2
2026.01.15	00:31:56.359		158.469			4
2026.01.15	00:32:00.023	158.382				2
2026.01.15	00:32:00.641		158.470			4
2026.01.15	00:32:02.178		158.471			4
2026.01.15	00:32:02.486		158.472			4
2026.01.15	00:32:04.313		158.469			4
2026.01.15	00:32:04.616		158.467			4
2026.01.15	00:32:06.156		158.464			4
2026.01.15	00:32:07.067		158.457			4
2026.01.15	00:32:07.376		158.460			4
2026.01.15	00:32:07.686	158.377	158.462			6
2026.01.15	00:32:07.997		158.465			4
2026.01.15	00:32:08.910		158.466			4
2026.01.15	00:32:11.654		158.464			4
2026.01.15	00:32:11.960		158.465			4
2026.01.15	00:32:14.100		158.466			4
2026.01.15	00:32:14.407		158.464			4
2026.01.15	00:32:15.015		158.465			4
2026.01.15	00:32:15.938		158.466			4
2026.01.15	00:32:17.162		158.468			4
2026.01.15	00:32:19.309		158.466			4
2026.01.15	00:32:19.915		158.465			4
2026.01.15	00:32:26.065		158.464			4
2026.01.15	00:32:26.378		158.466			4
2026.01.15	00:32:27.901	158.381				2
2026.01.15	00:32:28.213	158.377	158.467			6
2026.01.15	00:32:28.517	158.381				2
2026.01.15	00:32:28.819	158.377				2
2026.01.15	00:32:29.123	158.381	158.461			6
2026.01.15	00:32:29.427	158.377				2
2026.01.15	00:32:29.737	158.381				2
2026.01.15	00:32:30.043	158.377				2
2026.01.15	00:32:30.354	158.381				2
2026.01.15	00:32:30.661	158.377				2
2026.01.15	00:32:30.965	158.381				2
2026.01.15	00:32:31.269	158.377				2
2026.01.15	00:32:31.574		158.462			4
2026.01.15	00:32:32.798		158.461			4
2026.01.15	00:32:34.944		158.466			4
2026.01.15	00:32:36.774		158.465			4
2026.01.15	00:32:41.384		158.466			4
2026.01.15	00:32:43.220		158.463			4
2026.01.15	00:32:45.063		158.464			4
2026.01.15	00:32:47.825		158.465			4
2026.01.15	00:32:48.137		158.462			4
2026.01.15	00:32:49.386		158.464			4
2026.01.15	00:32:50.308		158.465			4
2026.01.15	00:32:52.474		158.467			4
2026.01.15	00:32:55.567		158.465			4
2026.01.15	00:32:59.883		158.463			4
2026.01.15	00:33:00.196	158.377				2
2026.01.15	00:33:02.980		158.462			4
2026.01.15	00:33:03.300		158.460			4
2026.01.15	00:33:05.170		158.462			4
2026.01.15	00:33:07.993		158.461			4
2026.01.15	00:33:09.234		158.462			4
2026.01.15	00:33:13.868		158.461			4
2026.01.15	00:33:15.721		158.460			4
2026.01.15	00:33:16.027	158.381	158.465			6
2026.01.15	00:33:17.888		158.464			4
2026.01.15	00:33:20.680		158.465			4
2026.01.15	00:33:23.489		158.464			4
2026.01.15	00:33:24.115	158.377	158.462			6
2026.01.15	00:33:27.534		158.461			4
2026.01.15	00:33:29.732	158.380	158.462			6
2026.01.15	00:33:30.040		158.461			4
2026.01.15	00:33:31.592		158.462			4
2026.01.15	00:33:32.216	158.382				2
2026.01.15	00:33:37.804		158.458			4
2026.01.15	00:33:38.113	158.384				2
2026.01.15	00:33:41.532		158.457			4
2026.01.15	00:33:59.220		158.458			4
2026.01.15	00:34:00.146	158.384				2
2026.01.15	00:34:00.770		158.456			4
2026.01.15	00:34:03.274		158.457			4
2026.01.15	00:34:18.137		158.456			4
2026.01.15	00:34:25.612		158.457			4
2026.01.15	00:34:27.783		158.456			4
2026.01.15	00:34:29.963		158.457			4
2026.01.15	00:34:32.137		158.456			4
2026.01.15	00:34:34.302		158.457			4
2026.01.15	00:34:38.001	158.385	158.456			6
2026.01.15	00:34:47.913		158.459			4
2026.01.15	00:34:48.220		158.456			4
2026.01.15	00:34:52.232		158.457			4
2026.01.15	00:34:52.855		158.456			4
2026.01.15	00:34:53.158		158.457			4
2026.01.15	00:34:57.196		158.456			4
2026.01.15	00:35:00.300	158.387				2
2026.01.15	00:35:00.606		158.455			4
2026.01.15	00:35:00.924		158.453			4
2026.01.15	00:35:06.517		158.452			4
2026.01.15	00:35:06.830		158.453			4
2026.01.15	00:35:09.341		158.452			4
2026.01.15	00:35:13.068		158.453			4
2026.01.15	00:35:13.374		158.452			4
2026.01.15	00:35:14.000		158.453			4
2026.01.15	00:35:18.652		158.452			4
2026.01.15	00:35:18.967	158.356	158.421			6
2026.01.15	00:35:19.380	158.354	158.423			6
2026.01.15	00:35:20.892	158.353				2
2026.01.15	00:35:21.792		158.422			4
2026.01.15	00:35:31.422		158.420			4
2026.01.15	00:35:36.425		158.422			4
2026.01.15	00:35:41.381	158.377	158.461			6
2026.01.15	00:35:41.686		158.456			4
2026.01.15	00:35:41.992		158.457			4
2026.01.15	00:35:42.612	158.376	158.454			6
2026.01.15	00:35:42.916	158.372	158.450			6
2026.01.15	00:35:43.221	158.373	158.451			6
2026.01.15	00:35:44.795		158.452			4
2026.01.15	00:35:45.105	158.371	158.449			6
2026.01.15	00:35:45.720	158.377	158.452			6
2026.01.15	00:35:46.026	158.376	158.453			6
2026.01.15	00:35:46.970	158.375				2
2026.01.15	00:35:47.594	158.370	158.449			6
2026.01.15	00:35:50.702		158.450			4
2026.01.15	00:35:51.009	158.371	158.449			6
2026.01.15	00:35:51.320		158.450			4
2026.01.15	00:35:52.551		158.449			4
2026.01.15	00:35:56.265	158.377	158.455			6
2026.01.15	00:35:56.578		158.453			4
2026.01.15	00:35:57.493	158.371	158.450			6
2026.01.15	00:36:00.278	158.371				2
2026.01.15	00:36:01.513		158.449			4
2026.01.15	00:36:06.176	158.370	158.450			6
2026.01.15	00:36:07.427		158.451			4
2026.01.15	00:36:08.670	158.371	158.450			6
2026.01.15	00:36:08.986	158.373	158.455			6
2026.01.15	00:36:09.292	158.346	158.396			6
2026.01.15	00:36:09.600	158.328	158.449			6
2026.01.15	00:36:09.913	158.327	158.438			6
2026.01.15	00:36:10.223		158.441			4
2026.01.15	00:36:10.534	158.328	158.445			6
2026.01.15	00:36:11.474	158.327	158.454			6
2026.01.15	00:36:11.781		158.453			4
2026.01.15	00:36:12.399	158.328	158.451			6
2026.01.15	00:36:12.704	158.327	158.442			6
2026.01.15	00:36:14.269		158.444			4
2026.01.15	00:36:14.584	158.328	158.443			6
2026.01.15	00:36:15.823	158.327	158.442			6
2026.01.15	00:36:16.140		158.440			4
2026.01.15	00:36:18.620	158.328	158.441			6
2026.01.15	00:36:19.855	158.327	158.440			6
2026.01.15	00:36:21.104		158.439			4
2026.01.15	00:36:24.200	158.334	158.442			6
2026.01.15	00:36:24.816		158.441			4
2026.01.15	00:36:26.692		158.448			4
2026.01.15	00:36:27.001		158.439			4
2026.01.15	00:36:27.920	158.343				2
2026.01.15	00:36:28.236		158.437			4
2026.01.15	00:36:28.548		158.438			4
2026.01.15	00:36:29.468		158.439			4
2026.01.15	00:36:29.778		158.437			4
2026.01.15	00:36:31.011	158.347				2
2026.01.15	00:36:31.633	158.340	158.434			6
2026.01.15	00:36:32.254	158.339	158.433			6
2026.01.15	00:36:33.497	158.358	158.435			6
2026.01.15	00:36:34.440		158.436			4
2026.01.15	00:36:34.746		158.432			4
2026.01.15	00:36:35.061		158.433			4
2026.01.15	00:36:38.479		158.431			4
2026.01.15	00:36:39.411		158.433			4
2026.01.15	00:36:39.715		158.431			4
2026.01.15	00:36:40.324		158.430			4
2026.01.15	00:36:43.739		158.432			4
2026.01.15	00:36:45.294		158.431			4
2026.01.15	00:36:45.602		158.430			4
2026.01.15	00:36:46.224		158.429			4
2026.01.15	00:36:48.384		158.428			4
2026.01.15	00:36:49.631		158.430			4
2026.01.15	00:36:53.343		158.423			4
2026.01.15	00:36:53.653		158.424			4
2026.01.15	00:36:56.455		158.427			4
2026.01.15	00:36:57.396		158.430			4
2026.01.15	00:36:58.633	158.365	158.434			6
2026.01.15	00:36:58.942		158.433			4
2026.01.15	00:37:00.171	158.365				2
2026.01.15	00:37:03.898		158.431			4
2026.01.15	00:37:05.756		158.430			4
2026.01.15	00:37:06.380		158.427			4
2026.01.15	00:37:07.317		158.430			4
2026.01.15	00:37:07.632	158.370	158.434			6
2026.01.15	00:37:08.867		158.433			4
2026.01.15	00:37:09.181		158.436			4
2026.01.15	00:37:09.490		158.434			4
2026.01.15	00:37:14.471		158.440			4
2026.01.15	00:37:14.772		158.437			4
2026.01.15	00:37:16.322		158.439			4
2026.01.15	00:37:16.946		158.438			4
2026.01.15	00:37:17.256		158.439			4
2026.01.15	00:37:21.611		158.443			4
2026.01.15	00:37:21.914		158.442			4
2026.01.15	00:37:24.099		158.439			4
2026.01.15	00:37:29.682		158.432			4
2026.01.15	00:37:34.981		158.434			4
2026.01.15	00:37:35.609		158.435			4
2026.01.15	00:37:36.225		158.434			4
2026.01.15	00:37:36.840	158.376				2
2026.01.15	00:37:40.236		158.441			4
2026.01.15	00:37:40.857		158.431			4
2026.01.15	00:37:44.280		158.433			4
2026.01.15	00:37:45.210		158.436			4
2026.01.15	00:37:46.459		158.434			4
2026.01.15	00:37:49.871		158.435			4
2026.01.15	00:37:52.341	158.370	158.434			6
2026.01.15	00:37:52.653		158.430			4
2026.01.15	00:37:53.887		158.433			4
2026.01.15	00:37:54.504		158.436			4
2026.01.15	00:37:54.805		158.435			4
2026.01.15	00:37:55.120	158.361	158.434			6
2026.01.15	00:37:55.423	158.339	158.394			6
2026.01.15	00:37:55.738		158.385			4
2026.01.15	00:37:56.090		158.386			4
2026.01.15	00:37:56.565		158.387			4
2026.01.15	00:37:57.619		158.381			4
2026.01.15	00:37:58.181	158.317	158.371			6
2026.01.15	00:37:58.816	158.309	158.356			6
2026.01.15	00:37:59.120		158.364			4
2026.01.15	00:37:59.601	158.307	158.356			6
2026.01.15	00:37:59.914		158.355			4
2026.01.15	00:38:00.266	158.308				2
2026.01.15	00:38:00.654	158.295	158.342			6
2026.01.15	00:38:01.282	158.268	158.336			6
2026.01.15	00:38:01.602	158.271	158.335			6
2026.01.15	00:38:01.991	158.287				2
2026.01.15	00:38:03.119	158.255	158.310			6
2026.01.15	00:38:05.092		158.322			4
2026.01.15	00:38:05.943	158.262				2
2026.01.15	00:38:06.307	158.261	158.316			6
2026.01.15	00:38:07.125		158.318			4
2026.01.15	00:38:08.143	158.250	158.319			6
2026.01.15	00:38:08.909	158.233	158.313			6
2026.01.15	00:38:09.506	158.232				2
2026.01.15	00:38:09.918	158.235				2
2026.01.15	00:38:16.748	158.233	158.309			6
2026.01.15	00:38:18.839	158.234	158.308			6
2026.01.15	00:38:19.372	158.235				2
2026.01.15	00:38:20.162	158.234	158.311			6
2026.01.15	00:38:20.560	158.237	158.308			6
2026.01.15	00:38:20.868	158.234				2
2026.01.15	00:38:21.381	158.253				2
2026.01.15	00:38:22.205	158.229	158.301			6
2026.01.15	00:38:23.824		158.302			4
2026.01.15	00:38:24.565		158.300			4
2026.01.15	00:38:27.342	158.226	158.296			6
2026.01.15	00:38:27.656		158.304			4
2026.01.15	00:38:28.096	158.220	158.319			6
2026.01.15	00:38:28.398		158.314			4
2026.01.15	00:38:29.982		158.310			4
2026.01.15	00:38:30.956		158.311			4
2026.01.15	00:38:31.756		158.310			4
2026.01.15	00:38:32.095		158.307			4
2026.01.15	00:38:34.667		158.309			4
2026.01.15	00:38:38.820		158.308			4
2026.01.15	00:38:41.004		158.309			4
2026.01.15	00:38:43.093		158.308			4
2026.01.15	00:38:43.690	158.221	158.299			6
2026.01.15	00:38:44.514		158.298			4
2026.01.15	00:38:45.001		158.299			4
2026.01.15	00:38:46.224		158.300			4
2026.01.15	00:38:48.209		158.301			4
2026.01.15	00:38:48.906		158.302			4
2026.01.15	00:38:50.270		158.304			4
2026.01.15	00:38:50.578		158.303			4
2026.01.15	00:38:53.784		158.302			4
2026.01.15	00:38:56.812		158.301			4
2026.01.15	00:38:57.874		158.302			4
2026.01.15	00:38:59.841		158.303			4
2026.01.15	00:39:01.290	158.221	158.311			6
2026.01.15	00:39:02.374	158.222	158.306			6
2026.01.15	00:39:02.898	158.225	158.307			6
2026.01.15	00:39:04.130	158.220	158.312			6
2026.01.15	00:39:05.681		158.310			4
2026.01.15	00:39:08.256		158.311			4
2026.01.15	00:39:11.534		158.312			4
2026.01.15	00:39:12.299		158.308			4
2026.01.15	00:39:17.510		158.309			4
2026.01.15	00:39:22.066	158.223				2
2026.01.15	00:39:22.409		158.310			4
2026.01.15	00:39:22.811		158.309			4
2026.01.15	00:39:23.302		158.300			4
2026.01.15	00:39:24.349		158.307			4
2026.01.15	00:39:24.676		158.310			4
2026.01.15	00:39:27.458	158.209	158.299			6
2026.01.15	00:39:29.360		158.296			4
2026.01.15	00:39:29.678		158.298			4
2026.01.15	00:39:34.270	158.210	158.286			6
2026.01.15	00:39:35.019		158.287			4
2026.01.15	00:39:42.492		158.286			4
2026.01.15	00:39:43.693		158.287			4
2026.01.15	00:39:54.308		158.288			4
2026.01.15	00:39:55.670		158.293			4
2026.01.15	00:40:00.915	158.210	158.294			6
2026.01.15	00:40:01.251	158.200	158.278			6
2026.01.15	00:40:01.561		158.290			4
2026.01.15	00:40:01.866		158.291			4
2026.01.15	00:40:02.493	158.208				2
2026.01.15	00:40:04.673		158.290			4
2026.01.15	00:40:11.496		158.289			4
2026.01.15	00:40:14.302		158.290			4
2026.01.15	00:40:14.619		158.289			4
2026.01.15	00:40:15.543		158.290			4
2026.01.15	00:40:15.856		158.289			4
2026.01.15	00:40:16.168		158.290			4
2026.01.15	00:40:18.037		158.289			4
2026.01.15	00:40:19.601		158.290			4
2026.01.15	00:40:21.778	158.200				2
2026.01.15	00:40:28.893		158.287			4
2026.01.15	00:40:31.075	158.202				2
2026.01.15	00:40:38.493		158.291			4
2026.01.15	00:40:40.159	158.201	158.292			6
2026.01.15	00:40:41.038		158.291			4
2026.01.15	00:40:48.169	158.200	158.292			6
2026.01.15	00:40:49.538	158.196	158.290			6
2026.01.15	00:40:51.688	158.218	158.291			6
2026.01.15	00:40:54.792	158.217				2
2026.01.15	00:41:01.578	158.217				2
2026.01.15	00:41:02.872	158.221	158.293			6
2026.01.15	00:41:05.095	158.235				2
2026.01.15	00:41:07.530		158.295			4
2026.01.15	00:41:16.993		158.294			4
2026.01.15	00:41:23.292		158.295			4
2026.01.15	00:41:24.693		158.294			4
2026.01.15	00:41:30.318		158.296			4
2026.01.15	00:41:31.591		158.295			4
2026.01.15	00:41:35.835	158.220				2
2026.01.15	00:41:38.086	158.226	158.308			6
2026.01.15	00:41:50.519		158.309			4
2026.01.15	00:41:52.693		158.308			4
2026.01.15	00:42:00.938	158.220	158.298			6
2026.01.15	00:42:01.306		158.296			4
2026.01.15	00:42:05.780	158.225	158.299			6
2026.01.15	00:42:07.232	158.246				2
2026.01.15	00:42:12.308		158.300			4
2026.01.15	00:42:20.636	158.224	158.299			6
2026.01.15	00:42:21.641	158.241	158.298			6
2026.01.15	00:42:22.476	158.245	158.299			6
2026.01.15	00:42:24.641	158.246				2
2026.01.15	00:42:25.394		158.300			4
2026.01.15	00:42:25.811	158.241	158.295			6
2026.01.15	00:42:28.548		158.296			4
2026.01.15	00:42:30.101		158.295			4
2026.01.15	00:42:38.302	158.223	158.298			6
2026.01.15	00:42:39.695		158.299			4
2026.01.15	00:42:45.100		158.298			4
2026.01.15	00:42:45.800	158.224				2
2026.01.15	00:42:48.171	158.223	158.299			6
2026.01.15	00:42:49.993	158.224	158.298			6
2026.01.15	00:42:50.339	158.223				2
2026.01.15	00:42:54.692		158.299			4
2026.01.15	00:42:57.126	158.221	158.300			6
2026.01.15	00:42:58.393	158.222				2
2026.01.15	00:42:59.992		158.302			4
2026.01.15	00:43:01.864	158.222				2
2026.01.15	00:43:08.582	158.241				2
2026.01.15	00:43:30.393		158.301			4
2026.01.15	00:43:30.698	158.242	158.302			6
2026.01.15	00:43:31.760	158.245				2
2026.01.15	00:43:32.462	158.246				2
2026.01.15	00:43:39.577	158.230				2
2026.01.15	00:43:41.179	158.229				2
2026.01.15	00:43:41.809	158.246				2
2026.01.15	00:43:48.646		158.303			4
2026.01.15	00:43:51.570	158.229				2
2026.01.15	00:43:52.321	158.246				2
2026.01.15	00:43:54.487		158.302			4
2026.01.15	00:44:00.086	158.246				2
2026.01.15	00:44:05.998		158.303			4
2026.01.15	00:44:10.693		158.304			4
2026.01.15	00:44:12.992	158.228				2
2026.01.15	00:44:14.094	158.230	158.302			6
2026.01.15	00:44:20.611	158.229				2
2026.01.15	00:44:22.693	158.230				2
2026.01.15	00:44:25.600	158.229				2
2026.01.15	00:44:26.019	158.230				2
2026.01.15	00:44:28.692	158.229				2
2026.01.15	00:44:31.067		158.303			4
2026.01.15	00:44:31.664		158.302			4
2026.01.15	00:44:36.568	158.236	158.327			6
2026.01.15	00:44:38.723	158.238	158.323			6
2026.01.15	00:44:39.666	158.242	158.321			6
2026.01.15	00:44:43.592	158.236	158.328			6
2026.01.15	00:44:46.074		158.330			4
2026.01.15	00:44:46.382	158.235	158.331			6
2026.01.15	00:44:47.314	158.233				2
2026.01.15	00:44:48.554	158.248	158.332			6
2026.01.15	00:44:54.687	158.251	158.331			6
2026.01.15	00:45:02.836	158.249	158.333			6
2026.01.15	00:45:03.213	158.245	158.341			6
2026.01.15	00:45:06.618	158.250	158.332			6
2026.01.15	00:45:06.947	158.251	158.333			6
2026.01.15	00:45:07.760	158.252	158.330			6
2026.01.15	00:45:09.697	158.251	158.331			6
2026.01.15	00:45:14.568	158.265	158.317			6
2026.01.15	00:45:15.516	158.266	158.316			6
2026.01.15	00:45:19.497	158.265	158.317			6
2026.01.15	00:45:21.533	158.263	158.319			6
2026.01.15	00:45:23.945		158.321			4
2026.01.15	00:45:37.605	158.264				2
2026.01.15	00:45:38.527	158.263				2
2026.01.15	00:45:38.835	158.264				2
2026.01.15	00:45:39.456	158.265				2
2026.01.15	00:45:41.319	158.264				2
2026.01.15	00:45:44.106	158.261				2
2026.01.15	00:45:58.628	158.266	158.327			6
2026.01.15	00:45:58.942	158.275				2
2026.01.15	00:46:00.351	158.275				2
2026.01.15	00:46:01.047	158.274	158.328			6
2026.01.15	00:46:04.639	158.294				2
2026.01.15	00:46:17.885	158.293	158.326			6
2026.01.15	00:46:18.505		158.327			4
2026.01.15	00:46:19.739	158.292	158.326			6
2026.01.15	00:46:21.900	158.291				2
2026.01.15	00:46:22.824		158.323			4
2026.01.15	00:46:30.261		158.322			4
2026.01.15	00:46:33.066		158.323			4
2026.01.15	00:46:34.931	158.278				2
2026.01.15	00:46:38.356	158.266	158.318			6
2026.01.15	00:46:44.831	158.244	158.305			6
2026.01.15	00:46:45.449	158.261				2
2026.01.15	00:46:45.764		158.307			4
2026.01.15	00:46:46.689		158.308			4
2026.01.15	00:46:47.309		158.306			4
2026.01.15	00:46:49.461		158.307			4
2026.01.15	00:46:56.900		158.308			4
2026.01.15	00:46:57.826	158.259				2
2026.01.15	00:46:59.986		158.310			4
2026.01.15	00:47:00.294	158.259				2
2026.01.15	00:47:03.094	158.233				2
2026.01.15	00:47:04.344	158.246	158.312			6
2026.01.15	00:47:06.536	158.276				2
2026.01.15	00:47:06.846	158.277				2
2026.01.15	00:47:12.419		158.311			4
2026.01.15	00:47:15.222		158.312			4
2026.01.15	00:47:15.836	158.256				2
2026.01.15	00:47:16.762	158.257				2
2026.01.15	00:47:17.377		158.311			4
2026.01.15	00:47:23.593		158.312			4
2026.01.15	00:47:24.208	158.252	158.305			6
2026.01.15	00:47:25.178		158.304			4
2026.01.15	00:47:29.811	158.233	158.299			6
2026.01.15	00:47:30.122	158.241	158.293			6
2026.01.15	00:47:32.670	158.242	158.292			6
2026.01.15	00:47:36.016	158.205	158.294			6
2026.01.15	00:47:36.318	158.213	158.287			6
2026.01.15	00:47:36.624	158.209				2
2026.01.15	00:47:36.925	158.208	158.289			6
2026.01.15	00:47:37.556		158.288			4
2026.01.15	00:47:37.860	158.210	158.286			6
2026.01.15	00:47:38.177	158.209	158.287			6
2026.01.15	00:47:40.969	158.211	158.298			6
2026.01.15	00:47:41.912		158.301			4
2026.01.15	00:47:42.839	158.212				2
2026.01.15	00:47:43.470	158.207				2
2026.01.15	00:47:43.774	158.196	158.303			6
2026.01.15	00:47:45.946	158.195	158.304			6
2026.01.15	00:47:47.800		158.305			4
2026.01.15	00:47:50.894		158.304			4
2026.01.15	00:47:52.131		158.301			4
2026.01.15	00:47:54.305	158.204	158.300			6
2026.01.15	00:47:56.169		158.301			4
2026.01.15	00:47:57.401		158.299			4
2026.01.15	00:47:58.326	158.225				2
2026.01.15	00:47:58.639	158.204				2
2026.01.15	00:47:58.954	158.225				2
2026.01.15	00:47:59.265	158.204				2
2026.01.15	00:47:59.886	158.225				2
2026.01.15	00:48:00.196	158.204	158.298			6
2026.01.15	00:48:00.510	158.225				2
2026.01.15	00:48:00.823	158.204				2
2026.01.15	00:48:01.136	158.225	158.299			6
2026.01.15	00:48:01.447	158.213				2
2026.01.15	00:48:01.756	158.225	158.302			6
2026.01.15	00:48:02.072	158.198				2
2026.01.15	00:48:02.701	158.199				2
2026.01.15	00:48:03.309	158.203	158.299			6
2026.01.15	00:48:03.629		158.296			4
2026.01.15	00:48:05.490	158.204				2
2026.01.15	00:48:08.581		158.292			4
2026.01.15	00:48:08.889	158.205				2
2026.01.15	00:48:09.505	158.210				2
2026.01.15	00:48:12.899		158.294			4
2026.01.15	00:48:13.834		158.293			4
2026.01.15	00:48:16.949	158.209	158.290			6
2026.01.15	00:48:17.263		158.289			4
2026.01.15	00:48:17.883		158.288			4
2026.01.15	00:48:18.193		158.287			4
2026.01.15	00:48:20.663	158.210				2
2026.01.15	00:48:22.845	158.212	158.289			6
2026.01.15	00:48:23.152		158.288			4
2026.01.15	00:48:24.709	158.207	158.290			6
2026.01.15	00:48:25.015	158.208	158.288			6
2026.01.15	00:48:25.330	158.214	158.286			6
2026.01.15	00:48:25.636	158.208	158.287			6
2026.01.15	00:48:29.670	158.209	158.288			6
2026.01.15	00:48:29.980	158.207				2
2026.01.15	00:48:34.022		158.286			4
2026.01.15	00:48:34.327		158.287			4
2026.01.15	00:48:36.514		158.288			4
2026.01.15	00:48:37.139		158.287			4
2026.01.15	00:48:37.764		158.288			4
2026.01.15	00:48:39.304		158.287			4
2026.01.15	00:48:39.932		158.285			4
2026.01.15	00:48:40.234		158.286			4
2026.01.15	00:48:42.090		158.288			4
2026.01.15	00:48:42.397		158.287			4
2026.01.15	00:48:44.244	158.208	158.286			6
2026.01.15	00:48:44.555		158.285			4
2026.01.15	00:48:45.484		158.287			4
2026.01.15	00:48:47.348		158.286			4
2026.01.15	00:48:55.399	158.211	158.284			6
2026.01.15	00:48:55.705	158.207	158.285			6
2026.01.15	00:48:56.332	158.208	158.282			6
2026.01.15	00:48:56.638	158.207	158.284			6
2026.01.15	00:48:56.944		158.283			4
2026.01.15	00:48:59.109	158.208				2
2026.01.15	00:49:00.033	158.208				2
2026.01.15	00:49:03.731	158.209	158.285			6
2026.01.15	00:49:04.039		158.283			4
2026.01.15	00:49:07.754	158.210	158.284			6
2026.01.15	00:49:08.679		158.285			4
2026.01.15	00:49:09.910		158.283			4
2026.01.15	00:49:10.224	158.203	158.290			6
2026.01.15	00:49:10.847	158.211	158.282			6
2026.01.15	00:49:11.159		158.279			4
2026.01.15	00:49:11.475	158.212	158.285			6
2026.01.15	00:49:11.776		158.287			4
2026.01.15	00:49:12.078		158.283			4
2026.01.15	00:49:12.387	158.211	158.284			6
2026.01.15	00:49:12.704		158.282			4
2026.01.15	00:49:13.022		158.283			4
2026.01.15	00:49:14.568	158.208	158.282			6
2026.01.15	00:49:14.881	158.209	158.304			6
2026.01.15	00:49:15.184	158.212	158.287			6
2026.01.15	00:49:15.506	158.210	158.282			6
2026.01.15	00:49:15.815	158.207				2
2026.01.15	00:49:16.119		158.284			4
2026.01.15	00:49:17.068		158.282			4
2026.01.15	00:49:18.604	158.206	158.285			6
2026.01.15	00:49:19.222		158.284			4
2026.01.15	00:49:19.841		158.286			4
2026.01.15	00:49:20.147		158.284			4
2026.01.15	00:49:20.460	158.208	158.283			6
2026.01.15	00:49:21.070		158.282			4
2026.01.15	00:49:21.693		158.278			4
2026.01.15	00:49:22.000	158.214	158.282			6
2026.01.15	00:49:22.936		158.283			4
2026.01.15	00:49:25.412		158.281			4
2026.01.15	00:49:26.040		158.282			4
2026.01.15	00:49:26.968	158.216	158.283			6
2026.01.15	00:49:27.274	158.229	158.301			6
2026.01.15	00:49:27.578	158.230	158.307			6
2026.01.15	00:49:28.510	158.228	158.302			6
2026.01.15	00:49:28.821		158.299			4
2026.01.15	00:49:29.140		158.297			4
2026.01.15	00:49:30.382		158.296			4
2026.01.15	00:49:31.307	158.253	158.313			6
2026.01.15	00:49:31.611	158.250	158.310			6
2026.01.15	00:49:32.221	158.267	158.313			6
2026.01.15	00:49:32.525		158.312			4
2026.01.15	00:49:33.133	158.273				2
2026.01.15	00:49:34.050	158.274				2
2026.01.15	00:49:35.580		158.309			4
2026.01.15	00:49:35.883	158.246	158.308			6
2026.01.15	00:49:36.184	158.254	158.319			6
2026.01.15	00:49:36.487	158.247	158.311			6
2026.01.15	00:49:36.796		158.309			4
2026.01.15	00:49:38.655	158.245	158.307			6
2026.01.15	00:49:38.957	158.243	158.304			6
2026.01.15	00:49:39.278		158.303			4
2026.01.15	00:49:42.674	158.240				2
2026.01.15	00:49:43.294	158.242				2
2026.01.15	00:49:44.531	158.240				2
2026.01.15	00:49:45.460	158.242				2
2026.01.15	00:49:46.707	158.240				2
2026.01.15	00:49:47.024		158.304			4
2026.01.15	00:49:47.332	158.242				2
2026.01.15	00:49:47.957		158.302			4
2026.01.15	00:49:48.577	158.240				2
2026.01.15	00:49:48.897		158.304			4
2026.01.15	00:49:49.519	158.242				2
2026.01.15	00:49:50.744	158.240				2
2026.01.15	00:49:51.369	158.242				2
2026.01.15	00:49:52.008		158.303			4
2026.01.15	00:49:52.617	158.240				2
2026.01.15	00:49:52.933	158.247	158.305			6
2026.01.15	00:49:53.253	158.243	158.299			6
2026.01.15	00:49:53.567	158.237	158.293			6
2026.01.15	00:49:53.876	158.235	158.292			6
2026.01.15	00:49:54.816	158.237				2
2026.01.15	00:49:55.758	158.235	158.289			6
2026.01.15	00:49:57.929		158.288			4
2026.01.15	00:49:58.245	158.234				2
2026.01.15	00:50:00.097	158.235				2
2026.01.15	00:50:00.411		158.293			4
2026.01.15	00:50:01.346	158.234				2
2026.01.15	00:50:02.293	158.237				2
2026.01.15	00:50:03.222		158.294			4
2026.01.15	00:50:04.469		158.293			4
2026.01.15	00:50:06.634		158.291			4
2026.01.15	00:50:10.048	158.249	158.305			6
2026.01.15	00:50:10.359		158.306			4
2026.01.15	00:50:11.289		158.305			4
2026.01.15	00:50:12.533	158.244	158.298			6
2026.01.15	00:50:12.839	158.239	158.295			6
2026.01.15	00:50:13.777	158.240	158.299			6
2026.01.15	00:50:14.082	158.241	158.300			6
2026.01.15	00:50:15.326		158.297			4
2026.01.15	00:50:18.745		158.296			4
2026.01.15	00:50:22.793	158.242	158.298			6
2026.01.15	00:50:23.098	158.241	158.297			6
2026.01.15	00:50:25.599		158.298			4
2026.01.15	00:50:25.912		158.297			4
2026.01.15	00:50:27.183	158.240				2
2026.01.15	00:50:30.593		158.295			4
2026.01.15	00:50:32.157		158.312			4
2026.01.15	00:50:32.487		158.311			4
2026.01.15	00:50:32.798		158.310			4
2026.01.15	00:50:34.345	158.238	158.314			6
2026.01.15	00:50:34.645		158.313			4
2026.01.15	00:50:37.402	158.243	158.308			6
2026.01.15	00:50:37.719		158.309			4
2026.01.15	00:50:39.808	158.245	158.307			6
2026.01.15	00:50:40.311	158.241	158.311			6
2026.01.15	00:50:40.894	158.252	158.317			6
2026.01.15	00:50:41.196		158.316			4
2026.01.15	00:50:41.516		158.317			4
2026.01.15	00:50:43.063		158.318			4
2026.01.15	00:50:46.793		158.317			4
2026.01.15	00:50:50.223		158.318			4
2026.01.15	00:50:53.542	158.267	158.327			6
2026.01.15	00:50:55.129		158.328			4
2026.01.15	00:50:58.572	158.271	158.327			6
2026.01.15	00:50:59.499		158.328			4
2026.01.15	00:51:00.400	158.271	158.325			6
2026.01.15	00:51:00.701	158.263				2
2026.01.15	00:51:01.012		158.326			4
2026.01.15	00:51:01.326		158.325			4
2026.01.15	00:51:04.767		158.326			4
2026.01.15	00:51:06.619		158.328			4
2026.01.15	00:51:09.192	158.273				2
2026.01.15	00:51:14.334	158.256	158.316			6
2026.01.15	00:51:27.930	158.264				2
2026.01.15	00:51:39.500	158.257				2
2026.01.15	00:51:50.849	158.256				2
2026.01.15	00:51:53.546	158.254	158.318			6
2026.01.15	00:51:57.704	158.252	158.321			6
2026.01.15	00:51:59.182		158.320			4
2026.01.15	00:52:00.402	158.253				2
2026.01.15	00:52:02.126	158.249	158.313			6
2026.01.15	00:52:04.142	158.248	158.307			6
2026.01.15	00:52:04.592	158.241	158.310			6
2026.01.15	00:52:05.856	158.238	158.313			6
2026.01.15	00:52:06.942	158.241	158.310			6
2026.01.15	00:52:10.685		158.312			4
2026.01.15	00:52:21.958	158.228	158.307			6
2026.01.15	00:52:23.550	158.229	158.306			6
2026.01.15	00:52:29.714	158.228	158.307			6
2026.01.15	00:52:30.771	158.226	158.283			6
2026.01.15	00:52:31.086		158.313			4
2026.01.15	00:52:31.400		158.317			4
2026.01.15	00:52:41.114		158.319			4
2026.01.15	00:52:44.893		158.318			4
2026.01.15	00:52:51.792	158.213				2
2026.01.15	00:52:52.697	158.216	158.316			6
2026.01.15	00:52:52.998		158.315			4
2026.01.15	00:52:53.370	158.219	158.312			6
2026.01.15	00:52:54.166	158.221	158.310			6
2026.01.15	00:52:54.571	158.219	158.312			6
2026.01.15	00:52:56.637	158.225	158.306			6
2026.01.15	00:52:58.838	158.222	158.309			6
2026.01.15	00:52:59.669	158.224	158.307			6
2026.01.15	00:53:01.693	158.224				2
2026.01.15	00:53:02.334	158.222	158.310			6
2026.01.15	00:53:02.829		158.309			4
2026.01.15	00:53:05.346	158.250	158.323			6
2026.01.15	00:53:05.893		158.322			4
2026.01.15	00:53:08.746	158.252	158.321			6
2026.01.15	00:53:11.534		158.322			4
2026.01.15	00:53:25.694	158.253				2
2026.01.15	00:53:26.167	158.272				2
2026.01.15	00:53:40.692		158.321			4
2026.01.15	00:53:48.342	158.270	158.319			6
2026.01.15	00:53:49.419		158.320			4
2026.01.15	00:53:51.654		158.317			4
2026.01.15	00:53:56.548	158.252				2
2026.01.15	00:54:00.686	158.252				2
2026.01.15	00:54:08.288		158.325			4
2026.01.15	00:54:16.393	158.253				2
2026.01.15	00:54:18.777		158.314			4
2026.01.15	00:54:20.606		158.313			4
2026.01.15	00:54:22.151	158.251				2
2026.01.15	00:54:25.215	158.252	158.314			6
2026.01.15	00:54:25.824		158.313			4
2026.01.15	00:54:27.982		158.314			4
2026.01.15	00:54:28.898	158.271				2
2026.01.15	00:54:29.209		158.315			4
2026.01.15	00:54:30.732		158.314			4
2026.01.15	00:54:32.573		158.313			4
2026.01.15	00:54:38.090		158.312			4
2026.01.15	00:54:38.396		158.313			4
2026.01.15	00:54:55.560		158.314			4
2026.01.15	00:54:59.914	158.252				2
2026.01.15	00:55:00.233	158.252				2
2026.01.15	00:55:01.157		158.313			4
2026.01.15	00:55:03.632		158.312			4
2026.01.15	00:55:06.103		158.313			4
2026.01.15	00:55:14.523		158.312			4
2026.01.15	00:55:23.504	158.253				2
2026.01.15	00:55:30.668		158.313			4
2026.01.15	00:55:33.800	158.271				2
2026.01.15	00:55:36.268		158.312			4
2026.01.15	00:56:00.270	158.271				2
2026.01.15	00:56:00.893	158.270				2
2026.01.15	00:56:04.607	158.269				2
2026.01.15	00:56:05.242	158.253				2
2026.01.15	00:56:11.762	158.254				2
2026.01.15	00:56:32.524	158.255				2
2026.01.15	00:56:36.559		158.312			4
2026.01.15	00:56:52.439		158.313			4
2026.01.15	00:57:00.186	158.255				2
2026.01.15	00:57:00.807		158.312			4
2026.01.15	00:57:02.069	158.269				2
2026.01.15	00:57:32.485	158.256				2
2026.01.15	00:57:40.240	158.257				2
2026.01.15	00:58:00.103	158.257				2
2026.01.15	00:58:01.044		158.312			4
2026.01.15	00:58:05.699	158.269				2
2026.01.15	00:58:36.434	158.258	158.313			6
2026.01.15	00:59:00.043	158.258				2
2026.01.15	00:59:10.281	158.259				2
2026.01.15	00:59:36.631		158.313			4
2026.01.15	00:59:38.174	158.269				2
2026.01.15	00:59:39.718	158.259				2
2026.01.15	00:59:50.857	158.260				2
2026.01.15	00:59:59.813	158.259				2
2026.01.15	01:00:00.120	158.259	158.274			6
2026.01.15	01:00:00.511	158.258				2
2026.01.15	01:00:00.894	158.259				2
2026.01.15	01:00:01.288	158.252				2
2026.01.15	01:00:02.342	158.256				2
2026.01.15	01:00:03.404	158.251	158.309			6
2026.01.15	01:00:03.714		158.308			4
2026.01.15	01:00:04.344		158.310			4
2026.01.15	01:00:05.299	158.250	158.311			6
2026.01.15	01:00:07.183	158.260	158.277			6
2026.01.15	01:00:09.433		158.278			4
2026.01.15	01:00:11.574		158.311			4
2026.01.15	01:00:11.878		158.310			4
2026.01.15	01:00:12.180		158.278			4
2026.01.15	01:00:15.523	158.261				2
2026.01.15	01:00:15.998	158.260				2
2026.01.15	01:00:17.379	158.257				2
2026.01.15	01:00:19.517	158.256				2
2026.01.15	01:00:19.818		158.279			4
2026.01.15	01:00:21.492	158.255				2
2026.01.15	01:00:25.093	158.256				2
2026.01.15	01:00:26.630		158.280			4
2026.01.15	01:00:28.417		158.300			4
2026.01.15	01:00:29.030	158.259	158.282			6
2026.01.15	01:00:29.488	158.261				2
2026.01.15	01:00:30.156	158.263				2
2026.01.15	01:00:31.864	158.261				2
2026.01.15	01:00:38.669		158.302			4
2026.01.15	01:00:39.417		158.284			4
2026.01.15	01:00:40.094	158.265				2
2026.01.15	01:00:43.022	158.267				2
2026.01.15	01:00:43.364		158.305			4
2026.01.15	01:00:43.988		158.285			4
2026.01.15	01:00:44.750	158.270				2
2026.01.15	01:00:53.067		158.302			4
2026.01.15	01:00:54.226		158.298			4
2026.01.15	01:00:54.548		158.295			4
2026.01.15	01:00:55.039		158.297			4
2026.01.15	01:00:55.424	158.262	158.300			6
2026.01.15	01:00:55.745		158.299			4
2026.01.15	01:00:59.306	158.264				2
2026.01.15	01:01:00.308	158.264				2
2026.01.15	01:01:00.732		158.300			4
2026.01.15	01:01:03.306		158.299			4
2026.01.15	01:01:03.990		158.297			4
2026.01.15	01:01:04.309		158.286			4
2026.01.15	01:01:04.619		158.285			4
2026.01.15	01:01:05.033		158.293			4
2026.01.15	01:01:05.372		158.295			4
2026.01.15	01:01:09.635		158.281			4
2026.01.15	01:01:12.270	158.256	158.295			6
2026.01.15	01:01:13.020	158.264	158.281			6
2026.01.15	01:01:15.620	158.256	158.294			6
2026.01.15	01:01:16.370		158.281			4
2026.01.15	01:01:20.944	158.269	158.270			6
2026.01.15	01:01:23.094	158.256	158.291			6
2026.01.15	01:01:23.717	158.266	158.283			6
2026.01.15	01:01:24.870	158.261	158.281			6
2026.01.15	01:01:25.871		158.280			4
2026.01.15	01:01:40.277		158.286			4
2026.01.15	01:01:40.691	158.251				2
2026.01.15	01:01:41.256	158.262				2
2026.01.15	01:01:48.135		158.285			4
2026.01.15	01:01:55.176	158.251				2
2026.01.15	01:01:55.615	158.263	158.264			6
2026.01.15	01:01:55.918	158.264	158.265			6
2026.01.15	01:01:56.220	158.263	158.264			6
2026.01.15	01:01:56.531	158.264	158.265			6
2026.01.15	01:01:56.838	158.265	158.266			6
2026.01.15	01:01:57.458	158.266	158.267			6
2026.01.15	01:01:57.764	158.264	158.265			6
2026.01.15	01:01:58.690	158.265	158.266			6
2026.01.15	01:01:59.614	158.266	158.267			6
2026.01.15	01:02:00.231	158.266				2
2026.01.15	01:02:00.540	158.267	158.268			6
2026.01.15	01:02:00.851	158.269	158.270			6
2026.01.15	01:02:01.154	158.268	158.269			6
2026.01.15	01:02:03.300	158.269	158.270			6
2026.01.15	01:02:04.543	158.268	158.269			6
2026.01.15	01:02:11.280	158.269	158.270			6
2026.01.15	01:02:12.506	158.268	158.269			6
2026.01.15	01:02:15.577	158.270	158.271			6
2026.01.15	01:02:18.355	158.269	158.270			6
2026.01.15	01:02:23.293	158.266	158.267			6
2026.01.15	01:02:23.603	158.265	158.266			6
2026.01.15	01:02:24.217	158.266	158.267			6
2026.01.15	01:02:24.829	158.268	158.269			6
2026.01.15	01:02:25.439	158.267	158.268			6
2026.01.15	01:02:27.921	158.268	158.269			6
2026.01.15	01:02:30.996	158.271	158.272			6
2026.01.15	01:02:34.066	158.270	158.271			6
2026.01.15	01:02:36.212	158.269	158.270			6
2026.01.15	01:02:36.831	158.268	158.269			6
2026.01.15	01:02:38.993	158.270	158.271			6
2026.01.15	01:02:41.142	158.269	158.270			6
2026.01.15	01:02:44.852	158.270	158.271			6
2026.01.15	01:02:45.767	158.274	158.275			6
2026.01.15	01:02:46.070	158.270	158.271			6
2026.01.15	01:02:48.210	158.271	158.272			6
2026.01.15	01:02:49.739	158.272	158.273			6
2026.01.15	01:02:54.351	158.271	158.272			6
2026.01.15	01:02:57.150	158.270	158.271			6
2026.01.15	01:02:57.462	158.272	158.273			6
2026.01.15	01:02:57.773	158.271	158.272			6
2026.01.15	01:03:00.228	158.273	158.274			6
2026.01.15	01:03:00.838	158.274	158.275			6
2026.01.15	01:03:01.149	158.273	158.274			6
2026.01.15	01:03:10.028	158.275	158.276			6
2026.01.15	01:03:10.330	158.276	158.277			6
2026.01.15	01:03:10.632	158.277	158.278			6
2026.01.15	01:03:11.557	158.276	158.277			6
2026.01.15	01:03:12.170	158.277	158.278			6
2026.01.15	01:03:17.689	158.276	158.277			6
2026.01.15	01:03:18.302	158.277	158.278			6
2026.01.15	01:03:20.466	158.276	158.277			6
2026.01.15	01:03:21.080	158.277	158.278			6
2026.01.15	01:03:22.302	158.278	158.279			6
2026.01.15	01:03:23.224	158.277	158.278			6
2026.01.15	01:03:23.532	158.278	158.279			6
2026.01.15	01:03:24.144	158.279	158.280			6
2026.01.15	01:03:25.663	158.271	158.285			6
2026.01.15	01:03:27.939		158.286			4
2026.01.15	01:03:29.751	158.270	158.305			6
2026.01.15	01:03:30.598		158.286			4
2026.01.15	01:03:31.832	158.285				2
2026.01.15	01:03:42.300	158.265	158.288			6
2026.01.15	01:03:43.681	158.270				2
2026.01.15	01:03:44.206		158.289			4
2026.01.15	01:03:45.078		158.306			4
2026.01.15	01:03:45.484	158.267				2
2026.01.15	01:03:45.828		158.289			4
2026.01.15	01:03:47.323	158.270				2
2026.01.15	01:03:48.362	158.268	158.303			6
2026.01.15	01:03:49.002	158.284	158.285			6
2026.01.15	01:03:49.306	158.285	158.286			6
2026.01.15	01:03:49.923	158.284	158.285			6
2026.01.15	01:03:51.771	158.285	158.286			6
2026.01.15	01:03:54.532	158.284	158.285			6
2026.01.15	01:03:55.142	158.285	158.286			6
2026.01.15	01:03:59.739	158.272	158.301			6
2026.01.15	01:04:01.326	158.285	158.286			6
2026.01.15	01:04:02.238	158.273	158.300			6
2026.01.15	01:04:03.538	158.285	158.286			6
2026.01.15	01:04:04.146	158.286	158.287			6
2026.01.15	01:04:09.033	158.285	158.286			6
2026.01.15	01:04:09.336	158.286	158.287			6
2026.01.15	01:04:13.937	158.285	158.286			6
2026.01.15	01:04:20.069	158.286	158.287			6
2026.01.15	01:04:20.983	158.288	158.289			6
2026.01.15	01:04:25.279	158.289	158.290			6
2026.01.15	01:04:26.200	158.288	158.289			6
2026.01.15	01:04:26.504	158.289	158.290			6
2026.01.15	01:04:27.735	158.288	158.289			6
2026.01.15	01:04:30.192	158.289	158.290			6
2026.01.15	01:04:31.428	158.288	158.289			6
2026.01.15	01:04:33.576	158.286	158.287			6
2026.01.15	01:04:37.248	158.282	158.288			6
2026.01.15	01:04:39.032	158.283				2
2026.01.15	01:04:40.101	158.268	158.309			6
2026.01.15	01:04:43.506	158.277	158.290			6
2026.01.15	01:04:43.907	158.276	158.289			6
2026.01.15	01:04:46.588	158.278				2
2026.01.15	01:04:50.509		158.290			4
2026.01.15	01:04:50.854	158.288	158.289			6
2026.01.15	01:04:51.160	158.277	158.290			6
2026.01.15	01:04:52.372	158.281				2
2026.01.15	01:04:55.156	158.288	158.289			6
2026.01.15	01:05:00.069	158.288				2
2026.01.15	01:05:00.375	158.289	158.290			6
2026.01.15	01:05:00.686	158.288	158.289			6
2026.01.15	01:05:01.298	158.281	158.290			6
2026.01.15	01:05:03.930	158.288	158.289			6
2026.01.15	01:05:06.688	158.289	158.290			6
2026.01.15	01:05:07.610	158.288	158.289			6
2026.01.15	01:05:09.134	158.289	158.290			6
2026.01.15	01:05:09.440	158.288	158.289			6
2026.01.15	01:05:19.904	158.289	158.290			6
2026.01.15	01:05:20.207	158.288	158.289			6
2026.01.15	01:05:20.514	158.290	158.291			6
2026.01.15	01:05:20.820	158.288	158.289			6
2026.01.15	01:05:21.129	158.290	158.291			6
2026.01.15	01:05:21.430	158.288	158.289			6
2026.01.15	01:05:21.742	158.290	158.291			6
2026.01.15	01:05:22.051	158.289	158.290			6
2026.01.15	01:05:22.362	158.290	158.291			6
2026.01.15	01:05:22.667	158.289	158.290			6
2026.01.15	01:05:22.977	158.290	158.291			6
2026.01.15	01:05:23.279	158.289	158.290			6
2026.01.15	01:05:24.190	158.288	158.289			6
2026.01.15	01:05:25.104	158.289	158.290			6
2026.01.15	01:05:26.020	158.290	158.291			6
2026.01.15	01:05:42.914	158.289	158.290			6
2026.01.15	01:05:44.750	158.287	158.288			6
2026.01.15	01:05:46.608	158.288	158.289			6
2026.01.15	01:05:47.225	158.287	158.288			6
2026.01.15	01:05:47.530	158.288	158.289			6
2026.01.15	01:05:48.153	158.287	158.288			6
2026.01.15	01:05:49.675	158.288	158.289			6
2026.01.15	01:05:50.913	158.287	158.288			6
2026.01.15	01:05:52.136	158.288	158.289			6
2026.01.15	01:05:54.585	158.289	158.290			6
2026.01.15	01:05:56.120	158.288	158.289			6
2026.01.15	01:05:57.956	158.302	158.303			6
2026.01.15	01:05:58.889	158.298	158.299			6
2026.01.15	01:05:59.198	158.295	158.301			6
2026.01.15	01:05:59.810	158.300	158.306			6
2026.01.15	01:06:00.120	158.300				2
2026.01.15	01:06:00.426	158.301	158.307			6
2026.01.15	01:06:00.745	158.300	158.306			6
2026.01.15	01:06:01.064	158.301	158.307			6
2026.01.15	01:06:01.383	158.306				2
2026.01.15	01:06:03.573	158.304				2
2026.01.15	01:06:04.198		158.306			4
2026.01.15	01:06:08.200		158.307			4
2026.01.15	01:06:08.508		158.306			4
2026.01.15	01:06:10.046		158.308			4
2026.01.15	01:06:17.106		158.307			4
2026.01.15	01:06:21.115	158.303				2
2026.01.15	01:06:22.646	158.304				2
2026.01.15	01:06:29.094		158.306			4
2026.01.15	01:06:29.404		158.305			4
2026.01.15	01:06:32.454	158.302				2
2026.01.15	01:06:42.266	158.303				2
2026.01.15	01:06:42.571	158.302	158.304			6
2026.01.15	01:06:46.870	158.303	158.305			6
2026.01.15	01:06:49.016	158.302	158.304			6
2026.01.15	01:06:51.162	158.303				2
2026.01.15	01:06:51.781	158.302	158.303			6
2026.01.15	01:06:52.093	158.305	158.306			6
2026.01.15	01:06:52.400	158.303	158.305			6
2026.01.15	01:06:58.215		158.304			4
2026.01.15	01:06:59.129	158.302				2
2026.01.15	01:07:00.052	158.302				2
2026.01.15	01:07:00.361	158.303				2
2026.01.15	01:07:02.200	158.302	158.303			6
2026.01.15	01:07:03.421	158.303	158.304			6
2026.01.15	01:07:08.354	158.302	158.303			6
2026.01.15	01:07:09.592	158.301	158.302			6
2026.01.15	01:07:09.901	158.302	158.303			6
2026.01.15	01:07:11.135	158.299	158.300			6
2026.01.15	01:07:12.051	158.300	158.301			6
2026.01.15	01:07:12.971	158.299	158.300			6
2026.01.15	01:07:14.197	158.300	158.301			6
2026.01.15	01:07:16.046	158.299	158.300			6
2026.01.15	01:07:17.591	158.303	158.304			6
2026.01.15	01:07:19.436	158.304	158.305			6
2026.01.15	01:07:20.350	158.303	158.304			6
2026.01.15	01:07:22.207	158.304	158.305			6
2026.01.15	01:07:22.826	158.305	158.306			6
2026.01.15	01:07:23.130	158.304	158.305			6
2026.01.15	01:07:24.063	158.303	158.304			6
2026.01.15	01:07:24.376	158.302	158.303			6
2026.01.15	01:07:24.683	158.301	158.302			6
2026.01.15	01:07:25.297	158.303	158.304			6
2026.01.15	01:07:25.611	158.302	158.303			6
2026.01.15	01:07:28.061	158.301	158.302			6
2026.01.15	01:07:28.677	158.302	158.303			6
2026.01.15	01:07:33.280	158.301	158.302			6
2026.01.15	01:07:33.586	158.302	158.303			6
2026.01.15	01:07:35.741	158.300	158.301			6
2026.01.15	01:07:36.964	158.299	158.300			6
2026.01.15	01:07:39.423	158.300	158.301			6
2026.01.15	01:07:42.183	158.299	158.300			6
2026.01.15	01:07:44.013	158.300	158.301			6
2026.01.15	01:07:44.630	158.298	158.299			6
2026.01.15	01:07:46.160	158.299	158.300			6
2026.01.15	01:07:46.465	158.288	158.289			6
2026.01.15	01:07:46.777	158.287	158.288			6
2026.01.15	01:07:47.085	158.283	158.284			6
2026.01.15	01:07:47.393	158.282	158.283			6
2026.01.15	01:07:48.320	158.284	158.288			6
2026.01.15	01:07:48.635	158.283	158.287			6
2026.01.15	01:07:49.271	158.284	158.288			6
2026.01.15	01:07:49.576	158.280	158.284			6
2026.01.15	01:07:49.888	158.275	158.276			6
2026.01.15	01:07:51.459	158.274	158.275			6
2026.01.15	01:07:51.765	158.275	158.276			6
2026.01.15	01:07:53.009	158.276	158.277			6
2026.01.15	01:07:53.944	158.275	158.276			6
2026.01.15	01:07:54.877	158.276	158.277			6
2026.01.15	01:07:55.195	158.277	158.282			6
2026.01.15	01:07:55.822	158.276	158.277			6
2026.01.15	01:07:57.705	158.275	158.276			6
2026.01.15	01:08:00.209	158.275				2
2026.01.15	01:08:02.365	158.276	158.278			6
2026.01.15	01:08:02.987		158.277			4
2026.01.15	01:08:03.288		158.280			4
2026.01.15	01:08:03.597	158.275	158.277			6
2026.01.15	01:08:03.899	158.256	158.273			6
2026.01.15	01:08:04.238		158.271			4
2026.01.15	01:08:05.758	158.271	158.272			6
2026.01.15	01:08:09.511	158.255	158.271			6
2026.01.15	01:08:13.377		158.272			4
2026.01.15	01:08:15.564	158.271				2
2026.01.15	01:08:16.483	158.272	158.273			6
2026.01.15	01:08:16.795	158.268	158.269			6
2026.01.15	01:08:17.098	158.269	158.270			6
2026.01.15	01:08:17.711	158.268	158.269			6
2026.01.15	01:08:18.936	158.267	158.268			6
2026.01.15	01:08:20.791	158.271	158.272			6
2026.01.15	01:08:21.099	158.272	158.273			6
2026.01.15	01:08:21.402	158.270	158.271			6
2026.01.15	01:08:21.708	158.269	158.270			6
2026.01.15	01:08:22.009	158.268	158.269			6
2026.01.15	01:08:23.242	158.267	158.268			6
2026.01.15	01:08:23.551	158.268	158.269			6
2026.01.15	01:08:24.163	158.267	158.268			6
2026.01.15	01:08:26.042	158.266	158.267			6
2026.01.15	01:08:26.663	158.267	158.268			6
2026.01.15	01:08:27.291	158.265	158.266			6
2026.01.15	01:08:27.912	158.261	158.262			6
2026.01.15	01:08:28.229	158.260	158.261			6
2026.01.15	01:08:29.154	158.263	158.267			6
2026.01.15	01:08:29.460	158.262				2
2026.01.15	01:08:30.078	158.260	158.261			6
2026.01.15	01:08:30.380	158.258	158.259			6
2026.01.15	01:08:31.303	158.259	158.260			6
2026.01.15	01:08:33.170	158.260	158.261			6
2026.01.15	01:08:35.342	158.256	158.259			6
2026.01.15	01:08:35.662	158.255				2
2026.01.15	01:08:35.982		158.260			4
2026.01.15	01:08:37.246	158.254				2
2026.01.15	01:08:44.113	158.253				2
2026.01.15	01:08:44.430	158.255				2
2026.01.15	01:08:44.734	158.256	158.262			6
2026.01.15	01:08:45.238	158.255				2
2026.01.15	01:08:45.781		158.263			4
2026.01.15	01:08:46.719	158.253	158.262			6
2026.01.15	01:08:49.209	158.254				2
2026.01.15	01:08:49.511		158.263			4
2026.01.15	01:08:49.819		158.262			4
2026.01.15	01:08:50.134		158.263			4
2026.01.15	01:08:50.440	158.255	158.262			6
2026.01.15	01:08:50.757		158.263			4
2026.01.15	01:08:51.061	158.254				2
2026.01.15	01:08:51.364	158.255				2
2026.01.15	01:08:51.699	158.254	158.262			6
2026.01.15	01:08:52.004		158.261			4
2026.01.15	01:08:53.267	158.256	158.262			6
2026.01.15	01:08:53.879	158.258	158.263			6
2026.01.15	01:08:54.194		158.264			4
2026.01.15	01:08:54.812	158.259	158.263			6
2026.01.15	01:08:55.739	158.258				2
2026.01.15	01:08:56.358		158.264			4
2026.01.15	01:08:56.677	158.259				2
2026.01.15	01:08:57.876	158.258	158.263			6
2026.01.15	01:08:58.189		158.264			4
2026.01.15	01:08:58.968		158.263			4
2026.01.15	01:08:59.273		158.264			4
2026.01.15	01:08:59.602	158.261	158.267			6
2026.01.15	01:09:00.240	158.261				2
2026.01.15	01:09:00.551		158.266			4
2026.01.15	01:09:00.860	158.265	158.267			6
2026.01.15	01:09:01.176		158.268			4
2026.01.15	01:09:01.498		158.269			4
2026.01.15	01:09:01.802	158.267				2
2026.01.15	01:09:02.104	158.268	158.288			6
2026.01.15	01:09:02.724	158.271	158.279			6
2026.01.15	01:09:03.329	158.273	158.281			6
2026.01.15	01:09:03.646	158.274	158.282			6
2026.01.15	01:09:03.951	158.276	158.284			6
2026.01.15	01:09:04.269	158.275				2
2026.01.15	01:09:04.589	158.278				2
2026.01.15	01:09:05.212	158.281				2
2026.01.15	01:09:05.518		158.283			4
2026.01.15	01:09:05.838	158.280	158.284			6
2026.01.15	01:09:06.155	158.279				2
2026.01.15	01:09:06.457	158.280				2
2026.01.15	01:09:06.770	158.279				2
2026.01.15	01:09:07.381	158.280				2
2026.01.15	01:09:07.700	158.279				2
2026.01.15	01:09:10.206	158.281				2
2026.01.15	01:09:10.825		158.285			4
2026.01.15	01:09:11.134		158.284			4
2026.01.15	01:09:11.773	158.279				2
2026.01.15	01:09:13.018		158.283			4
2026.01.15	01:09:17.413		158.284			4
2026.01.15	01:09:17.715	158.274	158.281			6
2026.01.15	01:09:19.260		158.280			4
2026.01.15	01:09:19.882	158.276	158.282			6
2026.01.15	01:09:20.524	158.275	158.281			6
2026.01.15	01:09:20.830	158.273				2
2026.01.15	01:09:21.132		158.280			4
2026.01.15	01:09:22.675	158.272				2
2026.01.15	01:09:23.299		158.279			4
2026.01.15	01:09:24.559		158.278			4
2026.01.15	01:09:25.170		158.277			4
2026.01.15	01:09:28.295		158.278			4
2026.01.15	01:09:33.245	158.273				2
2026.01.15	01:09:35.407	158.272				2
2026.01.15	01:09:36.634	158.275	158.281			6
2026.01.15	01:09:36.947	158.274	158.279			6
2026.01.15	01:09:37.554	158.273				2
2026.01.15	01:09:37.877	158.274	158.280			6
2026.01.15	01:09:38.499	158.275				2
2026.01.15	01:09:42.472		158.281			4
2026.01.15	01:09:42.780	158.274	158.280			6
2026.01.15	01:09:43.089		158.279			4
2026.01.15	01:09:44.316	158.272	158.277			6
2026.01.15	01:09:44.618	158.271	158.276			6
2026.01.15	01:09:44.929	158.272	158.277			6
2026.01.15	01:09:45.539	158.271				2
2026.01.15	01:09:46.147	158.273	158.276			6
2026.01.15	01:09:46.768	158.270				2
2026.01.15	01:09:47.070	158.273				2
2026.01.15	01:09:47.380	158.271				2
2026.01.15	01:09:49.830	158.273				2
2026.01.15	01:09:50.756	158.271				2
2026.01.15	01:09:51.672	158.273				2
2026.01.15	01:09:54.139	158.271				2
2026.01.15	01:09:56.289	158.272				2
2026.01.15	01:09:57.514	158.273	158.275			6
2026.01.15	01:09:57.819		158.294			4
2026.01.15	01:10:00.000	158.273				2
2026.01.15	01:10:00.629	158.271	158.275			6
2026.01.15	01:10:01.859	158.273				2
2026.01.15	01:10:02.775	158.270	158.274			6
2026.01.15	01:10:03.386	158.273	158.275			6
2026.01.15	01:10:03.993	158.274	158.277			6
2026.01.15	01:10:04.300		158.278			4
2026.01.15	01:10:10.742	158.273	158.277			6
2026.01.15	01:10:11.357	158.274	158.278			6
2026.01.15	01:10:12.897	158.273	158.277			6
2026.01.15	01:10:13.199	158.272	158.276			6
2026.01.15	01:10:14.117	158.273	158.277			6
2026.01.15	01:10:14.726	158.272	158.276			6
2026.01.15	01:10:15.033		158.275			4
2026.01.15	01:10:15.341	158.274	158.276			6
2026.01.15	01:10:15.951		158.275			4
2026.01.15	01:10:18.101	158.272				2
2026.01.15	01:10:19.343	158.274				2
2026.01.15	01:10:21.189	158.272				2
2026.01.15	01:10:21.497	158.271	158.274			6
2026.01.15	01:10:25.196	158.274	158.275			6
2026.01.15	01:10:26.122	158.271	158.273			6
2026.01.15	01:10:26.426	158.273	158.275			6
2026.01.15	01:10:26.728	158.275	158.290			6
2026.01.15	01:10:28.267		158.276			4
2026.01.15	01:10:29.795		158.290			4
2026.01.15	01:10:31.130	158.273	158.275			6
2026.01.15	01:10:31.746	158.275	158.276			6
2026.01.15	01:10:32.056	158.274	158.275			6
2026.01.15	01:10:32.359	158.275	158.276			6
2026.01.15	01:10:32.664	158.273	158.274			6
2026.01.15	01:10:32.968	158.274	158.275			6
2026.01.15	01:10:34.195	158.273				2
2026.01.15	01:10:35.116	158.274				2
2026.01.15	01:10:36.338	158.273	158.274			6
2026.01.15	01:10:36.950	158.271	158.295			6
2026.01.15	01:10:37.270	158.268				2
2026.01.15	01:10:38.021	158.274				2
2026.01.15	01:10:43.680	158.269				2
2026.01.15	01:10:46.005	158.264	158.291			6
2026.01.15	01:10:46.318	158.271	158.272			6
2026.01.15	01:10:47.846	158.270	158.271			6
2026.01.15	01:10:48.155	158.263	158.289			6
2026.01.15	01:10:48.489	158.270	158.271			6
2026.01.15	01:10:49.108	158.254	158.280			6
2026.01.15	01:10:49.416	158.265	158.266			6
2026.01.15	01:10:50.326		158.268			4
2026.01.15	01:10:51.545	158.264	158.267			6
2026.01.15	01:10:53.380	158.265	158.268			6
2026.01.15	01:10:54.618	158.264	158.267			6
2026.01.15	01:10:55.236	158.265				2
2026.01.15	01:10:57.076	158.266	158.268			6
2026.01.15	01:10:57.996	158.265	158.267			6
2026.01.15	01:11:00.163	158.263	158.265			6
2026.01.15	01:11:01.702	158.262	158.264			6
2026.01.15	01:11:02.317	158.263	158.265			6
2026.01.15	01:11:04.176	158.264				2
2026.01.15	01:11:07.545	158.265	158.266			6
2026.01.15	01:11:14.594	158.264	158.265			6
2026.01.15	01:11:15.514	158.265	158.266			6
2026.01.15	01:11:20.433	158.266	158.267			6
2026.01.15	01:11:20.737	158.267	158.268			6
2026.01.15	01:11:21.040	158.265	158.266			6
2026.01.15	01:11:21.358	158.266	158.267			6
2026.01.15	01:11:23.819	158.265	158.266			6
2026.01.15	01:11:25.655	158.266	158.267			6
2026.01.15	01:11:25.961	158.265	158.266			6
2026.01.15	01:11:27.186	158.264	158.265			6
2026.01.15	01:11:27.492	158.265	158.266			6
2026.01.15	01:11:28.408	158.266	158.267			6
2026.01.15	01:11:28.719	158.255	158.284			6
2026.01.15	01:11:29.023	158.254	158.281			6
2026.01.15	01:11:29.335	158.264	158.265			6
2026.01.15	01:11:29.648	158.265	158.266			6
2026.01.15	01:11:30.264	158.264	158.265			6
2026.01.15	01:11:31.505	158.265	158.266			6
2026.01.15	01:11:40.709	158.264	158.265			6
2026.01.15	01:11:42.867	158.262	158.282			6
2026.01.15	01:11:45.083	158.264	158.265			6
2026.01.15	01:11:49.073	158.265	158.266			6
2026.01.15	01:11:56.737	158.264	158.265			6
2026.01.15	01:11:58.274	158.269	158.270			6
2026.01.15	01:11:58.579	158.271	158.272			6
2026.01.15	01:11:58.881	158.269	158.270			6
2026.01.15	01:11:59.490	158.270	158.271			6
2026.01.15	01:12:00.098	158.270				2
2026.01.15	01:12:00.407	158.271	158.272			6
2026.01.15	01:12:00.719	158.270	158.271			6
2026.01.15	01:12:03.174	158.271	158.272			6
2026.01.15	01:12:05.637	158.270	158.271			6
2026.01.15	01:12:06.872	158.271	158.272			6
2026.01.15	01:12:09.624	158.272	158.273			6
2026.01.15	01:12:10.858	158.273	158.274			6
2026.01.15	01:12:11.160	158.272	158.273			6
2026.01.15	01:12:11.467	158.273	158.274			6
2026.01.15	01:12:12.084	158.272	158.273			6
2026.01.15	01:12:13.322	158.271	158.272			6
2026.01.15	01:12:13.628	158.272	158.273			6
2026.01.15	01:12:14.859	158.273	158.274			6
2026.01.15	01:12:15.169	158.258	158.259			6
2026.01.15	01:12:15.473	158.259	158.260			6
2026.01.15	01:12:15.779	158.260	158.261			6
2026.01.15	01:12:16.087	158.257				2
2026.01.15	01:12:35.390	158.258				2
2026.01.15	01:12:41.241		158.260			4
2026.01.15	01:12:41.845	158.259	158.261			6
2026.01.15	01:12:46.131	158.260				2
2026.01.15	01:12:51.691	158.261	158.262			6
2026.01.15	01:13:00.010	158.261				2
2026.01.15	01:13:00.318	158.267	158.268			6
2026.01.15	01:13:00.625	158.273	158.274			6
2026.01.15	01:13:00.931	158.274	158.275			6
2026.01.15	01:13:01.854	158.273	158.274			6
2026.01.15	01:13:02.162	158.270	158.276			6
2026.01.15	01:13:08.460	158.271				2
2026.01.15	01:13:10.935	158.270				2
2026.01.15	01:13:11.539	158.271	158.277			6
2026.01.15	01:13:15.289		158.276			4
2026.01.15	01:13:20.269	158.272	158.277			6
2026.01.15	01:13:20.588	158.271	158.276			6
2026.01.15	01:13:21.217	158.272				2
2026.01.15	01:13:27.156		158.275			4
2026.01.15	01:13:27.467	158.273	158.276			6
2026.01.15	01:13:30.515	158.272	158.275			6
2026.01.15	01:13:31.745	158.273	158.276			6
2026.01.15	01:13:33.276		158.275			4
2026.01.15	01:13:38.188		158.274			4
2026.01.15	01:13:43.115	158.277	158.278			6
2026.01.15	01:13:43.420	158.279	158.280			6
2026.01.15	01:13:44.340		158.282			4
2026.01.15	01:13:46.197	158.280				2
2026.01.15	01:13:51.098		158.281			4
2026.01.15	01:13:51.714	158.281	158.282			6
2026.01.15	01:13:52.322	158.280	158.281			6
2026.01.15	01:13:53.247	158.281	158.282			6
2026.01.15	01:13:56.310	158.282	158.283			6
2026.01.15	01:13:56.618	158.281	158.282			6
2026.01.15	01:13:58.145	158.283	158.284			6
2026.01.15	01:13:58.451	158.284	158.285			6
2026.01.15	01:13:58.759	158.285	158.286			6
2026.01.15	01:14:00.292	158.286	158.287			6
2026.01.15	01:14:01.219	158.285	158.286			6
2026.01.15	01:14:02.142	158.284	158.285			6
2026.01.15	01:14:07.336	158.285	158.286			6
2026.01.15	01:14:08.557	158.284	158.285			6
2026.01.15	01:14:09.164	158.285	158.286			6
2026.01.15	01:14:09.476	158.284	158.285			6
2026.01.15	01:14:09.779	158.285	158.286			6
2026.01.15	01:14:11.007	158.284	158.285			6
2026.01.15	01:14:13.469	158.285	158.286			6
2026.01.15	01:14:14.696	158.284	158.285			6
2026.01.15	01:14:15.308	158.285	158.286			6
2026.01.15	01:14:18.382	158.283	158.284			6
2026.01.15	01:14:21.150	158.282	158.283			6
2026.01.15	01:14:23.023	158.283	158.284			6
2026.01.15	01:14:33.756	158.282	158.283			6
2026.01.15	01:14:34.069	158.283	158.284			6
2026.01.15	01:14:39.287	158.282	158.283			6
2026.01.15	01:14:42.062	158.283	158.284			6
2026.01.15	01:14:42.366	158.271	158.272			6
2026.01.15	01:14:43.276	158.269	158.273			6
2026.01.15	01:14:44.210		158.272			4
2026.01.15	01:14:46.376	158.270	158.273			6
2026.01.15	01:14:47.301	158.269	158.272			6
2026.01.15	01:14:49.153	158.270				2
2026.01.15	01:14:52.266	158.269	158.271			6
2026.01.15	01:14:54.133		158.270			4
2026.01.15	01:14:54.447	158.270	158.271			6
2026.01.15	01:14:57.518	158.269	158.270			6
2026.01.15	01:14:57.822	158.261	158.262			6
2026.01.15	01:14:58.752	158.260	158.261			6
2026.01.15	01:14:59.371	158.258	158.264			6
2026.01.15	01:15:00.194	158.258	158.263			6
2026.01.15	01:15:00.862	158.259				2
2026.01.15	01:15:01.807	158.258				2
2026.01.15	01:15:02.127	158.259				2
2026.01.15	01:15:02.431	158.258				2
2026.01.15	01:15:02.749		158.262			4
2026.01.15	01:15:03.172	158.259				2
2026.01.15	01:15:04.399	158.257				2
2026.01.15	01:15:04.708	158.258				2
2026.01.15	01:15:05.497		158.263			4
2026.01.15	01:15:05.798	158.259				2
2026.01.15	01:15:06.102		158.262			4
2026.01.15	01:15:12.094		158.261			4
2026.01.15	01:15:16.148		158.260			4
2026.01.15	01:15:32.485	158.258	158.259			6
2026.01.15	01:15:34.019	158.259	158.260			6
2026.01.15	01:15:36.163	158.258	158.259			6
2026.01.15	01:15:37.686	158.259	158.260			6
2026.01.15	01:15:38.611	158.260	158.261			6
2026.01.15	01:15:39.827	158.259	158.260			6
2026.01.15	01:15:45.344	158.258	158.259			6
2026.01.15	01:15:46.586	158.259	158.260			6
2026.01.15	01:15:58.219	158.258	158.259			6
2026.01.15	01:15:58.524	158.260	158.261			6
2026.01.15	01:16:00.054	158.260				2
2026.01.15	01:16:00.364	158.270	158.271			6
2026.01.15	01:16:00.667	158.271	158.272			6
2026.01.15	01:16:01.273	158.272	158.273			6
2026.01.15	01:16:11.790	158.271	158.272			6
2026.01.15	01:16:18.267	158.272	158.273			6
2026.01.15	01:16:19.495	158.271	158.272			6
2026.01.15	01:16:19.803	158.272	158.273			6
2026.01.15	01:16:21.945	158.271	158.272			6
2026.01.15	01:16:27.459	158.272	158.273			6
2026.01.15	01:17:00.295	158.272				2
2026.01.15	01:17:01.846	158.273	158.274			6
2026.01.15	01:17:06.192	158.272	158.273			6
2026.01.15	01:17:06.831	158.273	158.274			6
2026.01.15	01:17:11.806	158.272	158.273			6
2026.01.15	01:17:12.127	158.273	158.274			6
2026.01.15	01:17:18.626	158.276	158.277			6
2026.01.15	01:17:24.459	158.275	158.276			6
2026.01.15	01:17:33.810	158.274	158.275			6
2026.01.15	01:17:35.379	158.275	158.276			6
2026.01.15	01:17:52.494	158.274	158.275			6
2026.01.15	01:17:53.446	158.273	158.274			6
2026.01.15	01:17:54.057	158.274	158.275			6
2026.01.15	01:17:56.543	158.275	158.276			6
2026.01.15	01:18:00.314	158.275				2
2026.01.15	01:18:12.751	158.276	158.277			6
2026.01.15	01:18:43.839	158.275	158.276			6
2026.01.15	01:18:49.150	158.276	158.277			6
2026.01.15	01:18:50.068	158.275	158.276			6
2026.01.15	01:18:55.387	158.276	158.277			6
2026.01.15	01:18:56.916	158.275	158.276			6
2026.01.15	01:18:59.123	158.276	158.277			6
2026.01.15	01:19:00.044	158.276				2
2026.01.15	01:19:00.347	158.275	158.276			6
2026.01.15	01:19:00.967	158.283	158.284			6
2026.01.15	01:19:01.268	158.282	158.283			6
2026.01.15	01:19:03.433	158.283	158.284			6
2026.01.15	01:19:04.359	158.282	158.283			6
2026.01.15	01:19:04.663	158.284	158.285			6
2026.01.15	01:19:17.130	158.285	158.286			6
2026.01.15	01:19:18.354	158.284	158.285			6
2026.01.15	01:19:25.580	158.285	158.286			6
2026.01.15	01:19:27.120	158.284	158.285			6
2026.01.15	01:19:27.744	158.285	158.286			6
2026.01.15	01:19:29.292	158.286	158.287			6
2026.01.15	01:19:31.136	158.292	158.293			6
2026.01.15	01:19:31.455	158.297	158.298			6
2026.01.15	01:19:32.380		158.299			4
2026.01.15	01:19:33.629	158.296	158.298			6
2026.01.15	01:19:38.281	158.297				2
2026.01.15	01:19:39.844	158.296	158.297			6
2026.01.15	01:19:43.298	158.297	158.298			6
2026.01.15	01:19:57.583	158.296	158.297			6
2026.01.15	01:19:57.887	158.297	158.298			6
2026.01.15	01:20:00.031	158.297				2
2026.01.15	01:20:00.335	158.300	158.301			6
2026.01.15	01:20:00.639	158.299	158.300			6
2026.01.15	01:20:00.948	158.300	158.301			6
2026.01.15	01:20:01.261	158.299	158.300			6
2026.01.15	01:20:01.873	158.300	158.301			6
2026.01.15	01:20:02.186	158.298	158.299			6
2026.01.15	01:20:02.488	158.300	158.301			6
2026.01.15	01:20:12.480	158.299	158.300			6
2026.01.15	01:20:13.105	158.300	158.301			6
2026.01.15	01:20:14.344	158.301	158.302			6
2026.01.15	01:20:38.050	158.299	158.300			6
2026.01.15	01:20:38.359	158.301	158.302			6
2026.01.15	01:20:43.335	158.300	158.301			6
2026.01.15	01:20:51.466	158.299	158.300			6
2026.01.15	01:20:52.395	158.300	158.301			6
2026.01.15	01:20:53.946	158.299	158.300			6
2026.01.15	01:20:54.252	158.300	158.301			6
2026.01.15	01:20:57.939	158.299	158.300			6
2026.01.15	01:21:00.122	158.299				2
2026.01.15	01:21:01.353	158.298	158.299			6
2026.01.15	01:21:01.970	158.299	158.300			6
2026.01.15	01:21:05.099	158.298	158.299			6
2026.01.15	01:21:11.028	158.299	158.300			6
2026.01.15	01:21:18.704	158.298	158.299			6
2026.01.15	01:21:22.780	158.299	158.300			6
2026.01.15	01:21:26.209	158.298	158.299			6
2026.01.15	01:21:30.253	158.299	158.300			6
2026.01.15	01:21:33.978	158.290	158.291			6
2026.01.15	01:21:34.280	158.287	158.288			6
2026.01.15	01:21:35.217	158.285				2
2026.01.15	01:21:35.523	158.284	158.287			6
2026.01.15	01:21:37.100		158.288			4
2026.01.15	01:21:42.120	158.285				2
2026.01.15	01:21:44.614		158.287			4
2026.01.15	01:21:45.857		158.289			4
2026.01.15	01:21:48.341	158.286				2
2026.01.15	01:21:48.659	158.285	158.288			6
2026.01.15	01:21:49.914		158.286			4
2026.01.15	01:21:51.192		158.287			4
2026.01.15	01:21:52.116	158.286				2
2026.01.15	01:21:52.419		158.288			4
2026.01.15	01:21:54.300		158.287			4
2026.01.15	01:21:55.228		158.288			4
2026.01.15	01:22:00.230	158.287				2
2026.01.15	01:22:01.776	158.288	158.289			6
2026.01.15	01:22:08.214	158.289	158.290			6
2026.01.15	01:22:08.518	158.288	158.289			6
2026.01.15	01:22:08.827	158.289	158.290			6
2026.01.15	01:22:09.137	158.288	158.289			6
2026.01.15	01:22:09.745	158.289	158.290			6
2026.01.15	01:22:10.055	158.288	158.289			6
2026.01.15	01:22:10.361	158.289	158.290			6
2026.01.15	01:22:10.666	158.288	158.289			6
2026.01.15	01:22:10.971	158.289	158.290			6
2026.01.15	01:22:11.278	158.288	158.289			6
2026.01.15	01:22:11.589	158.289	158.290			6
2026.01.15	01:22:11.891	158.288	158.289			6
2026.01.15	01:22:27.240	158.287	158.288			6
2026.01.15	01:22:27.868	158.288	158.289			6
2026.01.15	01:22:32.155	158.287	158.288			6
2026.01.15	01:22:51.650	158.286	158.287			6
2026.01.15	01:23:00.266	158.287	158.288			6
2026.01.15	01:23:01.489	158.286	158.287			6
2026.01.15	01:23:10.494	158.287	158.288			6
2026.01.15	01:23:14.192	158.286	158.287			6
2026.01.15	01:23:15.433	158.285	158.286			6
2026.01.15	01:23:19.189	158.284	158.285			6
2026.01.15	01:23:20.115	158.285	158.286			6
2026.01.15	01:23:20.423	158.284	158.285			6
2026.01.15	01:23:26.855	158.283	158.284			6
2026.01.15	01:23:27.784	158.284	158.285			6
2026.01.15	01:24:00.120	158.284				2
2026.01.15	01:24:00.738	158.283	158.284			6
2026.01.15	01:24:01.044	158.284	158.285			6
2026.01.15	01:24:02.289	158.286	158.287			6
2026.01.15	01:24:02.592	158.292	158.293			6
2026.01.15	01:24:12.607	158.296	158.297			6
2026.01.15	01:24:12.908	158.297	158.298			6
2026.01.15	01:24:32.874	158.296	158.297			6
2026.01.15	01:24:40.359	158.297	158.298			6
2026.01.15	01:24:47.447	158.296	158.297			6
2026.01.15	01:24:56.781	158.297	158.298			6
2026.01.15	01:24:57.084	158.296	158.297			6
2026.01.15	01:25:00.197	158.296				2
2026.01.15	01:25:00.519	158.288	158.289			6
2026.01.15	01:25:00.840	158.286	158.287			6
2026.01.15	01:25:01.145	158.282	158.288			6
2026.01.15	01:25:02.038	158.281	158.286			6
2026.01.15	01:25:02.413		158.288			4
2026.01.15	01:25:03.235	158.282	158.289			6
2026.01.15	01:25:03.602		158.288			4
2026.01.15	01:25:10.326		158.289			4
2026.01.15	01:25:12.386	158.283	158.290			6
2026.01.15	01:25:16.362	158.282	158.289			6
2026.01.15	01:25:17.423	158.295	158.302			6
2026.01.15	01:25:17.728		158.301			4
2026.01.15	01:25:18.031		158.302			4
2026.01.15	01:25:27.058		158.301			4
2026.01.15	01:25:27.381	158.294				2
2026.01.15	01:25:28.093	158.295				2
2026.01.15	01:25:29.355	158.294	158.300			6
2026.01.15	01:25:34.862	158.293	158.299			6
2026.01.15	01:25:38.294	158.294	158.300			6
2026.01.15	01:25:40.222	158.295	158.301			6
2026.01.15	01:25:44.645		158.300			4
2026.01.15	01:25:46.496	158.297	158.302			6
2026.01.15	01:25:53.686		158.303			4
2026.01.15	01:25:56.408		158.302			4
2026.01.15	01:25:56.716		158.303			4
2026.01.15	01:25:58.898	158.298				2
2026.01.15	01:26:00.160	158.298				2
2026.01.15	01:26:00.461	158.309	158.314			6
2026.01.15	01:26:01.402		158.315			4
2026.01.15	01:26:01.760	158.308	158.314			6
2026.01.15	01:26:05.140	158.309	158.315			6
2026.01.15	01:26:14.344	158.310	158.316			6
2026.01.15	01:26:16.377	158.309	158.315			6
2026.01.15	01:26:27.398	158.310				2
2026.01.15	01:26:40.172	158.311				2
2026.01.15	01:26:46.306	158.312				2
2026.01.15	01:26:47.832	158.311	158.314			6
2026.01.15	01:26:50.591	158.310	158.313			6
2026.01.15	01:26:52.123	158.311				2
2026.01.15	01:26:52.726		158.312			4
2026.01.15	01:26:54.855		158.313			4
2026.01.15	01:26:55.158		158.312			4
2026.01.15	01:26:55.466		158.313			4
2026.01.15	01:26:58.223	158.312				2
2026.01.15	01:26:58.834	158.311	158.312			6
2026.01.15	01:26:59.753	158.312	158.313			6
2026.01.15	01:27:00.055	158.312				2
2026.01.15	01:27:00.361	158.311				2
2026.01.15	01:27:03.134	158.312				2
2026.01.15	01:27:04.049	158.311	158.312			6
2026.01.15	01:27:04.963	158.312	158.313			6
2026.01.15	01:27:20.931	158.311	158.312			6
2026.01.15	01:27:30.763	158.312	158.313			6
2026.01.15	01:27:38.108	158.311	158.312			6
2026.01.15	01:27:46.667	158.312	158.313			6
2026.01.15	01:27:47.275	158.310	158.311			6
2026.01.15	01:27:52.200	158.312	158.313			6
2026.01.15	01:28:00.173	158.312				2
2026.01.15	01:28:09.077	158.323	158.324			6
2026.01.15	01:28:09.379	158.320	158.325			6
2026.01.15	01:28:13.559	158.321				2
2026.01.15	01:28:13.860	158.320				2
2026.01.15	01:28:17.292	158.321				2
2026.01.15	01:28:18.535	158.320				2
2026.01.15	01:28:19.026	158.322	158.326			6
2026.01.15	01:28:22.123		158.328			4
2026.01.15	01:28:23.388		158.327			4
2026.01.15	01:28:26.478	158.323	158.328			6
2026.01.15	01:28:28.348		158.327			4
2026.01.15	01:28:31.460	158.328	158.329			6
2026.01.15	01:28:31.765	158.341	158.344			6
2026.01.15	01:28:32.075	158.340				2
2026.01.15	01:28:32.384		158.346			4
2026.01.15	01:28:33.971	158.336	158.341			6
2026.01.15	01:28:37.966	158.337	158.343			6
2026.01.15	01:28:38.605	158.336	158.341			6
2026.01.15	01:28:42.193	158.339	158.344			6
2026.01.15	01:28:42.520	158.342	158.347			6
2026.01.15	01:28:45.933	158.343	158.349			6
2026.01.15	01:28:51.905	158.344	158.350			6
2026.01.15	01:28:54.296	158.345				2
2026.01.15	01:28:57.807	158.348	158.354			6
2026.01.15	01:28:58.113	158.352	158.358			6
2026.01.15	01:28:58.494	158.351	158.356			6
2026.01.15	01:28:59.869	158.352				2
2026.01.15	01:29:00.181	158.352	158.357			6
2026.01.15	01:29:00.796	158.353	158.358			6
2026.01.15	01:29:05.074	158.361	158.364			6
2026.01.15	01:29:05.782	158.360				2
2026.01.15	01:29:06.272	158.359				2
2026.01.15	01:29:08.148	158.357	158.363			6
2026.01.15	01:29:10.343	158.356	158.362			6
2026.01.15	01:29:10.693	158.357				2
2026.01.15	01:29:10.997	158.358	158.363			6
2026.01.15	01:29:11.307	158.356	158.361			6
2026.01.15	01:29:15.478	158.357	158.363			6
2026.01.15	01:29:16.066	158.359				2
2026.01.15	01:29:17.439	158.360	158.364			6
2026.01.15	01:29:22.418		158.365			4
2026.01.15	01:29:30.882		158.364			4
2026.01.15	01:29:32.499		158.365			4
2026.01.15	01:29:34.391	158.359	158.364			6
2026.01.15	01:29:36.194	158.360	158.366			6
2026.01.15	01:29:36.890	158.359	158.364			6
2026.01.15	01:29:37.288	158.358				2
2026.01.15	01:29:39.748		158.363			4
2026.01.15	01:29:45.871	158.357	158.361			6
2026.01.15	01:29:47.074	158.355				2
2026.01.15	01:29:47.413	158.357	158.362			6
2026.01.15	01:29:50.872	158.358	158.363			6
2026.01.15	01:29:52.728		158.364			4
2026.01.15	01:29:53.164	158.359	158.362			6
2026.01.15	01:29:55.932		158.361			4
2026.01.15	01:29:57.467		158.364			4
2026.01.15	01:29:58.379	158.363				2
2026.01.15	01:29:58.688	158.361				2
2026.01.15	01:30:00.216	158.361				2
2026.01.15	01:30:01.744	158.359	158.363			6
2026.01.15	01:30:08.200		158.362			4
2026.01.15	01:30:08.504	158.360	158.363			6
2026.01.15	01:30:14.324		158.362			4
2026.01.15	01:30:15.245	158.359	158.361			6
2026.01.15	01:30:20.150	158.360				2
2026.01.15	01:30:22.598	158.359	158.360			6
2026.01.15	01:30:31.174	158.361	158.362			6
2026.01.15	01:30:42.576	158.360	158.361			6
2026.01.15	01:30:42.885	158.361	158.362			6
2026.01.15	01:30:44.722	158.360	158.361			6
2026.01.15	01:30:45.944	158.361	158.362			6
2026.01.15	01:30:49.318	158.360	158.361			6
2026.01.15	01:30:53.303	158.361	158.362			6
2026.01.15	01:30:53.915	158.362	158.363			6
2026.01.15	01:30:57.601	158.361	158.362			6
2026.01.15	01:30:58.835	158.360	158.361			6
2026.01.15	01:31:00.072	158.360				2
2026.01.15	01:31:00.684	158.352	158.353			6
2026.01.15	01:31:00.988	158.351	158.352			6
2026.01.15	01:31:02.227	158.357	158.359			6
2026.01.15	01:31:03.155		158.360			4
2026.01.15	01:31:08.112		158.359			4
2026.01.15	01:31:08.423		158.360			4
2026.01.15	01:31:09.673		158.359			4
2026.01.15	01:31:11.558	158.358				2
2026.01.15	01:31:13.431	158.357				2
2026.01.15	01:31:16.216	158.360	158.362			6
2026.01.15	01:31:17.768		158.363			4
2026.01.15	01:31:18.395		158.362			4
2026.01.15	01:31:19.310	158.361				2
2026.01.15	01:31:19.617	158.360				2
2026.01.15	01:31:19.924	158.361				2
2026.01.15	01:31:21.160		158.363			4
2026.01.15	01:31:23.314		158.362			4
2026.01.15	01:31:29.151	158.362	158.363			6
2026.01.15	01:31:31.300	158.367	158.368			6
2026.01.15	01:31:32.212	158.365	158.367			6
2026.01.15	01:31:34.360	158.366				2
2026.01.15	01:31:35.898	158.365	158.366			6
2026.01.15	01:31:36.205	158.367	158.368			6
2026.01.15	01:31:36.508	158.372	158.373			6
2026.01.15	01:31:36.811	158.382	158.383			6
2026.01.15	01:31:37.120	158.386	158.387			6
2026.01.15	01:31:37.428	158.385	158.386			6
2026.01.15	01:31:38.351	158.383	158.388			6
2026.01.15	01:31:41.452	158.382	158.387			6
2026.01.15	01:31:41.820	158.384	158.388			6
2026.01.15	01:31:42.453		158.389			4
2026.01.15	01:31:44.780		158.390			4
2026.01.15	01:31:45.164		158.388			4
2026.01.15	01:31:45.884		158.387			4
2026.01.15	01:31:47.660	158.385	158.388			6
2026.01.15	01:31:54.192		158.389			4
2026.01.15	01:31:54.618		158.388			4
2026.01.15	01:31:57.162		158.389			4
2026.01.15	01:32:00.294	158.385				2
2026.01.15	01:32:02.137		158.388			4
2026.01.15	01:32:02.761	158.381	158.385			6
2026.01.15	01:32:03.080		158.384			4
2026.01.15	01:32:04.003		158.385			4
2026.01.15	01:32:04.313		158.386			4
2026.01.15	01:32:05.258		158.385			4
2026.01.15	01:32:05.878		158.384			4
2026.01.15	01:32:06.500		158.385			4
2026.01.15	01:32:07.458	158.382				2
2026.01.15	01:32:08.078	158.371	158.375			6
2026.01.15	01:32:08.381	158.367	158.370			6
2026.01.15	01:32:08.700		158.369			4
2026.01.15	01:32:09.308		158.371			4
2026.01.15	01:32:10.547	158.368	158.374			6
2026.01.15	01:32:10.857	158.366	158.372			6
2026.01.15	01:32:13.675	158.367				2
2026.01.15	01:32:18.366	158.361	158.362			6
2026.01.15	01:32:18.675	158.356	158.361			6
2026.01.15	01:32:22.545		158.362			4
2026.01.15	01:32:25.019	158.358				2
2026.01.15	01:32:33.743	158.359				2
2026.01.15	01:32:34.049	158.360	158.366			6
2026.01.15	01:32:34.352		158.364			4
2026.01.15	01:32:37.761	158.361	158.366			6
2026.01.15	01:32:38.206	158.362				2
2026.01.15	01:32:42.092		158.367			4
2026.01.15	01:32:42.731		158.366			4
2026.01.15	01:32:49.755	158.363				2
2026.01.15	01:32:52.191	158.364				2
2026.01.15	01:32:52.499	158.363				2
2026.01.15	01:33:01.092	158.363				2
2026.01.15	01:33:01.994	158.362				2
2026.01.15	01:33:02.301	158.364	158.368			6
2026.01.15	01:33:02.619	158.363	158.366			6
2026.01.15	01:33:03.260		158.365			4
2026.01.15	01:33:04.807		158.364			4
2026.01.15	01:33:05.115		158.366			4
2026.01.15	01:33:06.347	158.365	158.367			6
2026.01.15	01:33:06.652		158.368			4
2026.01.15	01:33:07.571	158.371	158.374			6
2026.01.15	01:33:08.183		158.375			4
2026.01.15	01:33:13.470	158.373				2
2026.01.15	01:33:19.974	158.374	158.376			6
2026.01.15	01:33:22.122		158.375			4
2026.01.15	01:33:56.843	158.376	158.377			6
2026.01.15	01:33:57.152	158.375	158.376			6
2026.01.15	01:33:57.465	158.376	158.377			6
2026.01.15	01:33:58.382	158.375	158.376			6
2026.01.15	01:34:00.239	158.375				2
2026.01.15	01:34:00.549	158.373	158.374			6
2026.01.15	01:34:01.778	158.372	158.373			6
2026.01.15	01:34:02.088	158.373	158.374			6
2026.01.15	01:34:05.772	158.372	158.373			6
2026.01.15	01:34:06.383	158.373	158.374			6
2026.01.15	01:34:07.612	158.372	158.373			6
2026.01.15	01:34:17.729	158.373	158.374			6
2026.01.15	01:34:19.570	158.372	158.373			6
2026.01.15	01:34:22.951	158.376	158.377			6
2026.01.15	01:34:35.830	158.373	158.374			6
2026.01.15	01:34:36.142	158.376	158.377			6
2026.01.15	01:34:47.814	158.377	158.378			6
2026.01.15	01:34:48.119	158.376	158.377			6
2026.01.15	01:34:49.972	158.374	158.375			6
2026.01.15	01:34:50.585	158.373	158.374			6
2026.01.15	01:34:51.201	158.372	158.373			6
2026.01.15	01:35:00.127	158.372				2
2026.01.15	01:35:03.499	158.373	158.374			6
2026.01.15	01:35:19.741	158.374	158.375			6
2026.01.15	01:35:20.044	158.386	158.387			6
2026.01.15	01:35:22.179	158.387	158.388			6
2026.01.15	01:35:22.795	158.386	158.387			6
2026.01.15	01:35:23.103	158.387	158.388			6
2026.01.15	01:35:25.555	158.386	158.387			6
2026.01.15	01:35:51.038	158.387	158.388			6
2026.01.15	01:35:52.559	158.386	158.387			6
2026.01.15	01:36:00.040	158.386				2
2026.01.15	01:36:04.717	158.380	158.381			6
2026.01.15	01:36:05.019	158.378	158.379			6
2026.01.15	01:36:05.943	158.377	158.378			6
2026.01.15	01:36:06.259	158.373	158.374			6
2026.01.15	01:36:06.568	158.372	158.373			6
2026.01.15	01:36:06.888	158.371	158.372			6
2026.01.15	01:36:07.208	158.373	158.374			6
2026.01.15	01:36:10.967	158.372	158.373			6
2026.01.15	01:36:14.093	158.373	158.374			6
2026.01.15	01:36:15.024	158.371	158.372			6
2026.01.15	01:36:17.221	158.372	158.373			6
2026.01.15	01:36:23.040	158.371	158.372			6
2026.01.15	01:36:28.925	158.372	158.373			6
2026.01.15	01:36:30.455	158.371	158.372			6
2026.01.15	01:36:31.071	158.372	158.373			6
2026.01.15	01:36:31.375	158.371	158.372			6
2026.01.15	01:36:32.940	158.372	158.373			6
2026.01.15	01:36:34.472	158.371	158.372			6
2026.01.15	01:36:36.656	158.372	158.373			6
2026.01.15	01:36:37.568	158.371	158.372			6
2026.01.15	01:36:37.881	158.372	158.373			6
2026.01.15	01:36:39.119	158.371	158.372			6
2026.01.15	01:36:39.728	158.372	158.373			6
2026.01.15	01:36:40.655	158.371	158.372			6
2026.01.15	01:36:41.609	158.372	158.373			6
2026.01.15	01:36:49.719	158.373	158.374			6
2026.01.15	01:36:55.321	158.371	158.372			6
2026.01.15	01:36:55.624	158.366	158.367			6
2026.01.15	01:36:56.847	158.363	158.364			6
2026.01.15	01:36:57.149	158.361	158.362			6
2026.01.15	01:36:58.074	158.362	158.363			6
2026.01.15	01:37:00.232	158.362				2
2026.01.15	01:37:13.060	158.365	158.366			6
2026.01.15	01:37:22.097	158.366	158.367			6
2026.01.15	01:37:24.611	158.365	158.366			6
2026.01.15	01:37:28.958	158.366	158.367			6
2026.01.15	01:37:31.118	158.364	158.365			6
2026.01.15	01:37:31.433	158.363	158.364			6
2026.01.15	01:37:33.600	158.364	158.365			6
2026.01.15	01:37:33.919	158.363	158.364			6
2026.01.15	01:37:36.409	158.362	158.363			6
2026.01.15	01:37:36.730	158.363	158.364			6
2026.01.15	01:37:41.693	158.372	158.373			6
2026.01.15	01:37:42.001	158.373	158.374			6
2026.01.15	01:37:44.163	158.375	158.376			6
2026.01.15	01:37:45.420	158.376	158.377			6
2026.01.15	01:37:46.041	158.375	158.376			6
2026.01.15	01:38:00.073	158.375				2
2026.01.15	01:38:05.371	158.385	158.386			6
2026.01.15	01:38:05.678	158.387	158.388			6
2026.01.15	01:38:06.317	158.385	158.389			6
2026.01.15	01:38:07.259	158.386				2
2026.01.15	01:38:12.257		158.388			4
2026.01.15	01:38:16.329	158.387				2
2026.01.15	01:38:23.518	158.386	158.387			6
2026.01.15	01:38:23.829	158.387	158.388			6
2026.01.15	01:38:24.135	158.388	158.389			6
2026.01.15	01:38:33.803	158.391	158.392			6
2026.01.15	01:38:34.125	158.390	158.391			6
2026.01.15	01:38:34.430	158.391	158.392			6
2026.01.15	01:38:34.737	158.390	158.391			6
2026.01.15	01:38:40.361	158.389	158.390			6
2026.01.15	01:38:40.667	158.390	158.391			6
2026.01.15	01:38:41.587	158.389	158.390			6
2026.01.15	01:38:50.307	158.388	158.389			6
2026.01.15	01:38:51.872	158.389	158.390			6
2026.01.15	01:38:54.955	158.394	158.395			6
2026.01.15	01:39:00.228	158.394				2
2026.01.15	01:39:03.644	158.392	158.393			6
2026.01.15	01:39:05.195	158.393	158.394			6
2026.01.15	01:39:07.989	158.392	158.393			6
2026.01.15	01:39:21.978	158.393	158.394			6
2026.01.15	01:39:23.513	158.402	158.403			6
2026.01.15	01:39:24.455	158.401	158.402			6
2026.01.15	01:39:44.690	158.399	158.400			6
2026.01.15	01:39:48.090	158.401	158.402			6
2026.01.15	01:39:56.798	158.406	158.407			6
2026.01.15	01:40:00.214	158.406				2
2026.01.15	01:40:01.452	158.409	158.410			6
2026.01.15	01:40:01.753	158.410	158.411			6
2026.01.15	01:40:02.061	158.411	158.412			6
2026.01.15	01:40:02.372	158.412	158.413			6
2026.01.15	01:40:02.676	158.413	158.414			6
2026.01.15	01:40:32.045	158.412	158.413			6
2026.01.15	01:40:51.653	158.414	158.415			6
2026.01.15	01:40:51.961	158.413	158.414			6
2026.01.15	01:40:52.279	158.421	158.422			6
2026.01.15	01:40:52.586	158.423	158.424			6
2026.01.15	01:40:53.204	158.424	158.425			6
2026.01.15	01:40:54.752	158.426	158.427			6
2026.01.15	01:41:00.056	158.426				2
2026.01.15	01:41:00.368	158.425	158.426			6
2026.01.15	01:41:00.676	158.426	158.427			6
2026.01.15	01:41:04.091	158.425	158.426			6
2026.01.15	01:41:07.219	158.426	158.427			6
2026.01.15	01:41:14.063	158.425	158.426			6
2026.01.15	01:41:26.775	158.424	158.425			6
2026.01.15	01:41:30.537	158.425	158.426			6
2026.01.15	01:41:33.298	158.426	158.427			6
2026.01.15	01:41:33.606	158.425	158.426			6
2026.01.15	01:41:35.473	158.426	158.427			6
2026.01.15	01:41:41.669	158.425	158.426			6
2026.01.15	01:41:43.541	158.426	158.427			6
2026.01.15	01:41:45.694	158.424	158.425			6
2026.01.15	01:41:46.940	158.423	158.424			6
2026.01.15	01:41:58.478	158.424	158.425			6
2026.01.15	01:41:58.783	158.423	158.424			6
2026.01.15	01:42:00.035	158.423				2
2026.01.15	01:42:01.909	158.414	158.415			6
2026.01.15	01:42:02.220	158.413	158.414			6
2026.01.15	01:42:03.134	158.411				2
2026.01.15	01:42:06.886		158.415			4
2026.01.15	01:42:09.378	158.412				2
2026.01.15	01:42:12.208	158.411				2
2026.01.15	01:42:13.145	158.412				2
2026.01.15	01:42:17.199		158.414			4
2026.01.15	01:42:19.057	158.413	158.415			6
2026.01.15	01:42:20.311	158.414				2
2026.01.15	01:42:22.167	158.387	158.388			6
2026.01.15	01:42:22.469	158.386	158.387			6
2026.01.15	01:42:22.775	158.387	158.388			6
2026.01.15	01:42:23.391	158.385	158.389			6
2026.01.15	01:42:24.146	158.386				2
2026.01.15	01:42:25.527		158.390			4
2026.01.15	01:42:26.243	158.392	158.397			6
2026.01.15	01:42:26.557	158.393	158.398			6
2026.01.15	01:42:30.315	158.394				2
2026.01.15	01:42:30.687		158.399			4
2026.01.15	01:42:31.175	158.395	158.400			6
2026.01.15	01:42:34.468	158.396	158.401			6
2026.01.15	01:42:34.952	158.397				2
2026.01.15	01:42:35.952	158.396				2
2026.01.15	01:42:37.769	158.397				2
2026.01.15	01:42:38.512	158.396				2
2026.01.15	01:42:38.818	158.397				2
2026.01.15	01:42:49.260	158.398	158.400			6
2026.01.15	01:42:49.832	158.397				2
2026.01.15	01:42:51.679	158.398	158.401			6
2026.01.15	01:42:52.051	158.395				2
2026.01.15	01:43:00.556	158.395				2
2026.01.15	01:43:04.048		158.400			4
2026.01.15	01:43:06.741		158.401			4
2026.01.15	01:43:16.118		158.400			4
2026.01.15	01:43:27.345	158.394				2
2026.01.15	01:43:29.170	158.395				2
2026.01.15	01:43:36.350	158.396	158.397			6
2026.01.15	01:43:36.659	158.398	158.402			6
2026.01.15	01:43:37.910		158.403			4
2026.01.15	01:43:44.104		158.402			4
2026.01.15	01:43:44.409	158.399	158.403			6
2026.01.15	01:43:47.160	158.398	158.402			6
2026.01.15	01:43:48.072	158.399				2
2026.01.15	01:43:49.605		158.403			4
2026.01.15	01:43:49.909	158.398	158.402			6
2026.01.15	01:43:50.217	158.399				2
2026.01.15	01:43:52.669	158.398	158.401			6
2026.01.15	01:43:56.365	158.399				2
2026.01.15	01:44:00.031	158.399				2
2026.01.15	01:44:02.171	158.400				2
2026.01.15	01:44:05.882	158.399	158.400			6
2026.01.15	01:44:24.547	158.401	158.402			6
2026.01.15	01:44:26.380	158.402	158.403			6
2026.01.15	01:44:28.521	158.400	158.401			6
2026.01.15	01:44:31.911	158.399	158.400			6
2026.01.15	01:44:32.519	158.398	158.399			6
2026.01.15	01:44:33.745	158.399	158.400			6
2026.01.15	01:44:34.666	158.398	158.399			6
2026.01.15	01:44:34.970	158.387	158.388			6
2026.01.15	01:44:35.891	158.388	158.389			6
2026.01.15	01:44:36.199	158.387				2
2026.01.15	01:44:36.515	158.389	158.390			6
2026.01.15	01:44:39.930	158.387				2
2026.01.15	01:44:40.867		158.389			4
2026.01.15	01:44:41.184	158.384	158.387			6
2026.01.15	01:44:42.435	158.386	158.388			6
2026.01.15	01:44:42.756	158.385				2
2026.01.15	01:44:43.057	158.387				2
2026.01.15	01:44:43.681	158.386				2
2026.01.15	01:44:44.609	158.384	158.385			6
2026.01.15	01:44:44.913	158.382	158.384			6
2026.01.15	01:44:45.848	158.385	158.387			6
2026.01.15	01:44:46.160	158.371	158.374			6
2026.01.15	01:44:46.471	158.370	158.372			6
2026.01.15	01:44:46.780	158.372	158.373			6
2026.01.15	01:44:47.094	158.371				2
2026.01.15	01:44:47.408	158.370				2
2026.01.15	01:44:49.077	158.369				2
2026.01.15	01:44:49.692	158.370				2
2026.01.15	01:44:50.745		158.374			4
2026.01.15	01:44:52.289	158.385	158.390			6
2026.01.15	01:44:52.599		158.389			4
2026.01.15	01:44:52.916		158.388			4
2026.01.15	01:44:53.235	158.383				2
2026.01.15	01:44:53.795	158.381	158.386			6
2026.01.15	01:44:54.099	158.380	158.384			6
2026.01.15	01:44:55.032	158.371	158.376			6
2026.01.15	01:44:55.346	158.373	158.377			6
2026.01.15	01:44:56.595	158.382	158.387			6
2026.01.15	01:44:59.010	158.381	158.385			6
2026.01.15	01:44:59.345	158.382	158.386			6
2026.01.15	01:44:59.825	158.381				2
2026.01.15	01:45:00.236	158.382				2
2026.01.15	01:45:00.538	158.381	158.384			6
2026.01.15	01:45:00.881	158.377	158.383			6
2026.01.15	01:45:01.219	158.378				2
2026.01.15	01:45:01.560	158.390	158.394			6
2026.01.15	01:45:01.941	158.388	158.393			6
2026.01.15	01:45:02.251	158.389				2
2026.01.15	01:45:02.559	158.385	158.390			6
2026.01.15	01:45:03.815	158.381	158.384			6
2026.01.15	01:45:04.732	158.382				2
2026.01.15	01:45:05.434	158.383	158.389			6
2026.01.15	01:45:05.800	158.384				2
2026.01.15	01:45:06.107	158.385	158.390			6
2026.01.15	01:45:06.745	158.386	158.391			6
2026.01.15	01:45:07.051	158.385				2
2026.01.15	01:45:07.411	158.380	158.382			6
2026.01.15	01:45:07.719	158.374	158.378			6
2026.01.15	01:45:09.272		158.379			4
2026.01.15	01:45:10.510	158.379	158.383			6
2026.01.15	01:45:13.715	158.381	158.385			6
2026.01.15	01:45:14.431	158.379	158.384			6
2026.01.15	01:45:16.537	158.389	158.391			6
2026.01.15	01:45:16.838	158.390	158.395			6
2026.01.15	01:45:17.318	158.393	158.398			6
2026.01.15	01:45:17.634	158.386	158.391			6
2026.01.15	01:45:18.457	158.383	158.389			6
2026.01.15	01:45:18.758	158.381	158.386			6
2026.01.15	01:45:21.374	158.383	158.387			6
2026.01.15	01:45:21.993	158.385	158.390			6
2026.01.15	01:45:23.609	158.384	158.389			6
2026.01.15	01:45:26.567	158.396	158.400			6
2026.01.15	01:45:26.881	158.393	158.397			6
2026.01.15	01:45:29.007	158.392				2
2026.01.15	01:45:29.851	158.393				2
2026.01.15	01:45:30.377	158.381	158.385			6
2026.01.15	01:45:30.689	158.371	158.372			6
2026.01.15	01:45:30.992	158.363	158.369			6
2026.01.15	01:45:31.731	158.371	158.376			6
2026.01.15	01:45:32.039	158.378	158.384			6
2026.01.15	01:45:32.359	158.382	158.387			6
2026.01.15	01:45:33.208	158.384	158.388			6
2026.01.15	01:45:34.864	158.383	158.387			6
2026.01.15	01:45:35.880		158.385			4
2026.01.15	01:45:36.746	158.394	158.397			6
2026.01.15	01:45:37.053	158.395	158.398			6
2026.01.15	01:45:37.853	158.400	158.402			6
2026.01.15	01:45:38.158	158.406	158.409			6
2026.01.15	01:45:38.465	158.401	158.403			6
2026.01.15	01:45:39.476		158.404			4
2026.01.15	01:45:40.526		158.406			4
2026.01.15	01:45:41.245		158.405			4
2026.01.15	01:45:43.532		158.406			4
2026.01.15	01:45:43.841	158.412	158.414			6
2026.01.15	01:45:44.597		158.415			4
2026.01.15	01:45:45.476		158.416			4
2026.01.15	01:45:46.157	158.411				2
2026.01.15	01:45:46.476		158.415			4
2026.01.15	01:45:46.919		158.416			4
2026.01.15	01:45:47.333	158.419	158.423			6
2026.01.15	01:45:48.043		158.422			4
2026.01.15	01:45:50.569	158.418				2
2026.01.15	01:45:51.624	158.410	158.413			6
2026.01.15	01:45:51.978	158.409				2
2026.01.15	01:45:52.328	158.405	158.410			6
2026.01.15	01:45:53.356	158.406				2
2026.01.15	01:45:53.658	158.405				2
2026.01.15	01:45:55.458	158.388	158.392			6
2026.01.15	01:45:55.769	158.387				2
2026.01.15	01:45:56.510	158.382	158.387			6
2026.01.15	01:45:57.030	158.381	158.386			6
2026.01.15	01:45:57.331	158.368	158.372			6
