<DATE>	<TIME>	<BID>	<ASK>	<LAST>	<VOLUME>	<FLAGS>
2026.02.13	00:03:30.784	152.734	152.771			6
2026.02.13	00:04:00.173	152.734				2
2026.02.13	00:04:30.827		152.771			4
2026.02.13	00:05:00.294	152.734				2
2026.02.13	00:05:00.917		152.776			4
2026.02.13	00:05:06.165		152.759			4
2026.02.13	00:05:06.475		152.758			4
2026.02.13	00:05:10.503		152.759			4
2026.02.13	00:05:11.428		152.754			4
2026.02.13	00:05:12.973		152.751			4
2026.02.13	00:05:15.442		152.752			4
2026.02.13	00:05:29.996	152.735				2
2026.02.13	00:05:30.623		152.753			4
2026.02.13	00:05:47.021		152.752			4
2026.02.13	00:06:00.023	152.735				2
2026.02.13	00:06:11.504		152.751			4
2026.02.13	00:06:33.181	152.724				2
2026.02.13	00:06:33.487	152.723	152.857			6
2026.02.13	00:06:33.792		152.855			4
2026.02.13	00:06:38.419	152.726	152.859			6
2026.02.13	00:06:43.664	152.721	152.788			6
2026.02.13	00:06:43.973		152.785			4
2026.02.13	00:07:00.285	152.721				2
2026.02.13	00:07:00.902		152.797			4
2026.02.13	00:07:02.144	152.732				2
2026.02.13	00:07:22.801	152.733				2
2026.02.13	00:07:23.728	152.732				2
2026.02.13	00:07:24.351	152.733				2
2026.02.13	00:07:34.544	152.734				2
2026.02.13	00:07:37.321	152.733				2
2026.02.13	00:07:43.781	152.732				2
2026.02.13	00:07:56.740	152.733				2
2026.02.13	00:07:57.045	152.734				2
2026.02.13	00:07:58.304	152.735				2
2026.02.13	00:08:00.152	152.735				2
2026.02.13	00:08:01.088		152.797			4
2026.02.13	00:08:05.105	152.723	152.790			6
2026.02.13	00:08:05.407	152.733				2
2026.02.13	00:08:11.905	152.755	152.822			6
2026.02.13	00:08:12.211		152.815			4
2026.02.13	00:08:12.828	152.752				2
2026.02.13	00:08:13.135		152.819			4
2026.02.13	00:08:14.379		152.820			4
2026.02.13	00:08:15.003	152.754	152.814			6
2026.02.13	00:08:22.129		152.816			4
2026.02.13	00:08:23.064		152.807			4
2026.02.13	00:08:23.388		152.809			4
2026.02.13	00:08:24.931		152.810			4
2026.02.13	00:08:25.241	152.753	152.809			6
2026.02.13	00:08:26.495	152.755	152.807			6
2026.02.13	00:08:27.729		152.814			4
2026.02.13	00:08:29.893	152.750	152.788			6
2026.02.13	00:08:36.078	152.755	152.813			6
2026.02.13	00:08:40.739	152.753				2
2026.02.13	00:08:41.044		152.815			4
2026.02.13	00:08:41.660		152.812			4
2026.02.13	00:08:42.277		152.813			4
2026.02.13	00:08:46.645		152.814			4
2026.02.13	00:08:52.839		152.812			4
2026.02.13	00:08:59.366		152.815			4
2026.02.13	00:09:00.309	152.753	152.814			6
2026.02.13	00:09:22.915		152.815			4
2026.02.13	00:09:36.832	152.754				2
2026.02.13	00:09:52.298		152.816			4
2026.02.13	00:09:54.473		152.815			4
2026.02.13	00:10:00.024	152.754				2
2026.02.13	00:10:03.149	152.751				2
2026.02.13	00:10:03.457		152.817			4
2026.02.13	00:10:04.076	152.754				2
2026.02.13	00:10:05.004	152.751				2
2026.02.13	00:10:05.619	152.754				2
2026.02.13	00:10:11.188	152.751				2
2026.02.13	00:10:12.744	152.741				2
2026.02.13	00:10:20.799		152.815			4
2026.02.13	00:10:28.558	152.684	152.793			6
2026.02.13	00:10:28.864	152.675	152.779			6
2026.02.13	00:10:29.484	152.674	152.778			6
2026.02.13	00:10:30.412	152.675	152.779			6
2026.02.13	00:10:31.339	152.673	152.777			6
2026.02.13	00:10:34.449	152.672	152.775			6
2026.02.13	00:10:36.932	152.667	152.774			6
2026.02.13	00:10:37.238	152.671	152.775			6
2026.02.13	00:10:38.802		152.779			4
2026.02.13	00:10:39.730	152.668	152.777			6
2026.02.13	00:10:48.423	152.652	152.762			6
2026.02.13	00:10:51.527	152.651				2
2026.02.13	00:10:56.498		152.763			4
2026.02.13	00:10:59.595		152.768			4
2026.02.13	00:11:00.218	152.651				2
2026.02.13	00:11:01.770	152.647	152.755			6
2026.02.13	00:11:02.089	152.648	152.752			6
2026.02.13	00:11:07.656	152.655				2
2026.02.13	00:11:09.509		152.756			4
2026.02.13	00:11:14.453	152.652				2
2026.02.13	00:11:15.392	152.655				2
2026.02.13	00:11:18.178	152.658	152.762			6
2026.02.13	00:11:19.105	152.655	152.756			6
2026.02.13	00:11:19.409		152.751			4
2026.02.13	00:11:20.029		152.752			4
2026.02.13	00:11:20.650	152.648				2
2026.02.13	00:11:21.579	152.655				2
2026.02.13	00:11:26.844	152.648				2
2026.02.13	00:11:27.780	152.655				2
2026.02.13	00:11:30.881	152.669	152.760			6
2026.02.13	00:11:31.190	152.676	152.767			6
2026.02.13	00:11:35.844	152.677	152.768			6
2026.02.13	00:11:36.152	152.676	152.767			6
2026.02.13	00:11:37.077	152.675	152.766			6
2026.02.13	00:11:37.390	152.677	152.768			6
2026.02.13	00:11:39.239	152.676	152.767			6
2026.02.13	00:11:40.785	152.675	152.766			6
2026.02.13	00:11:41.090	152.676	152.767			6
2026.02.13	00:11:42.020	152.677	152.768			6
2026.02.13	00:11:50.045	152.675	152.766			6
2026.02.13	00:11:50.364	152.677	152.768			6
2026.02.13	00:11:50.679	152.676	152.767			6
2026.02.13	00:11:50.982	152.675	152.766			6
2026.02.13	00:11:55.304	152.676	152.767			6
2026.02.13	00:11:59.952	152.680	152.771			6
2026.02.13	00:12:00.259	152.680				2
2026.02.13	00:12:02.424	152.679	152.770			6
2026.02.13	00:12:02.732	152.680	152.771			6
2026.02.13	00:12:03.343	152.679	152.770			6
2026.02.13	00:12:03.657	152.680	152.771			6
2026.02.13	00:12:07.673	152.676	152.767			6
2026.02.13	00:12:10.781	152.675	152.766			6
2026.02.13	00:12:16.664	152.678	152.769			6
2026.02.13	00:12:22.544	152.679	152.770			6
2026.02.13	00:12:24.105	152.676	152.767			6
2026.02.13	00:12:29.060	152.677	152.768			6
2026.02.13	00:12:30.611	152.676	152.767			6
2026.02.13	00:12:30.915	152.678	152.769			6
2026.02.13	00:12:31.234	152.676	152.767			6
2026.02.13	00:12:31.552	152.677	152.768			6
2026.02.13	00:12:42.372	152.681	152.772			6
2026.02.13	00:12:47.961	152.683	152.774			6
2026.02.13	00:12:48.580	152.681	152.772			6
2026.02.13	00:12:59.142	152.677	152.768			6
2026.02.13	00:13:00.064	152.677				2
2026.02.13	00:13:05.965	152.676	152.767			6
2026.02.13	00:13:09.989	152.683	152.774			6
2026.02.13	00:13:17.143	152.684	152.775			6
2026.02.13	00:13:18.058	152.683	152.774			6
2026.02.13	00:13:20.543	152.682	152.773			6
2026.02.13	00:13:25.489	152.683	152.774			6
2026.02.13	00:13:29.190	152.688	152.779			6
2026.02.13	00:13:29.807	152.687	152.778			6
2026.02.13	00:13:31.048	152.684	152.775			6
2026.02.13	00:13:34.459	152.683	152.774			6
2026.02.13	00:13:39.438	152.684	152.775			6
2026.02.13	00:13:39.753	152.683	152.774			6
2026.02.13	00:13:40.060	152.685	152.776			6
2026.02.13	00:13:43.773	152.687	152.785			6
2026.02.13	00:13:44.085	152.689	152.787			6
2026.02.13	00:13:48.087	152.688	152.786			6
2026.02.13	00:13:48.710	152.689	152.787			6
2026.02.13	00:13:55.528	152.688	152.786			6
2026.02.13	00:13:56.456	152.689	152.787			6
2026.02.13	00:13:58.012	152.688	152.786			6
2026.02.13	00:14:00.174	152.688				2
2026.02.13	00:14:11.308	152.691	152.789			6
2026.02.13	00:14:11.622	152.695	152.793			6
2026.02.13	00:14:20.618	152.703	152.797			6
2026.02.13	00:14:20.933		152.789			4
2026.02.13	00:14:21.557	152.713				2
2026.02.13	00:14:23.420		152.787			4
2026.02.13	00:14:24.967		152.786			4
2026.02.13	00:14:28.077		152.787			4
2026.02.13	00:14:30.876		152.786			4
2026.02.13	00:14:33.347		152.785			4
2026.02.13	00:14:33.968		152.784			4
2026.02.13	00:14:34.592		152.782			4
2026.02.13	00:14:36.755		152.779			4
2026.02.13	00:14:37.679		152.777			4
2026.02.13	00:14:42.329		152.780			4
2026.02.13	00:14:43.561		152.779			4
2026.02.13	00:14:46.357		152.780			4
2026.02.13	00:14:48.214		152.778			4
2026.02.13	00:14:49.456		152.776			4
2026.02.13	00:14:51.640		152.777			4
2026.02.13	00:14:56.307		152.775			4
2026.02.13	00:14:59.411		152.776			4
2026.02.13	00:15:00.031	152.713				2
2026.02.13	00:15:00.340		152.778			4
2026.02.13	00:15:01.266		152.780			4
2026.02.13	00:15:10.298		152.777			4
2026.02.13	00:15:12.479		152.776			4
2026.02.13	00:15:14.035		152.779			4
2026.02.13	00:18:00.300	152.687	152.755			6
2026.02.13	00:18:01.187	152.717				2
2026.02.13	00:18:02.120		152.756			4
2026.02.13	00:18:07.370		152.754			4
2026.02.13	00:18:08.296		152.755			4
2026.02.13	00:18:25.610		152.760			4
2026.02.13	00:18:25.912		152.764			4
2026.02.13	00:18:28.099		152.766			4
2026.02.13	00:18:34.592		152.763			4
2026.02.13	00:18:34.895		152.765			4
2026.02.13	00:18:35.209		152.764			4
2026.02.13	00:18:42.027		152.762			4
2026.02.13	00:18:45.768		152.764			4
2026.02.13	00:18:59.162		152.762			4
2026.02.13	00:18:59.474		152.764			4
2026.02.13	00:19:00.093	152.717				2
2026.02.13	00:19:03.839		152.763			4
2026.02.13	00:19:08.815		152.766			4
2026.02.13	00:19:50.846		152.764			4
2026.02.13	00:19:51.776		152.775			4
2026.02.13	00:19:52.705	152.732				2
2026.02.13	00:19:53.636	152.735				2
2026.02.13	00:19:56.433		152.772			4
2026.02.13	00:20:00.163	152.735				2
2026.02.13	00:20:00.467		152.785			4
2026.02.13	00:20:01.705		152.786			4
2026.02.13	00:20:02.631		152.787			4
2026.02.13	00:20:05.760	152.732	152.864			6
2026.02.13	00:20:06.065		152.865			4
2026.02.13	00:20:06.372		152.856			4
2026.02.13	00:20:07.005	152.733				2
2026.02.13	00:20:07.308	152.732				2
2026.02.13	00:20:07.609	152.731	152.862			6
2026.02.13	00:20:08.232		152.856			4
2026.02.13	00:20:08.846	152.732				2
2026.02.13	00:20:11.934	152.734				2
2026.02.13	00:20:12.246	152.725				2
2026.02.13	00:20:15.676	152.711	152.855			6
2026.02.13	00:20:15.982	152.725	152.856			6
2026.02.13	00:20:18.170	152.711				2
2026.02.13	00:20:22.193	152.731	152.848			6
2026.02.13	00:20:22.500		152.849			4
2026.02.13	00:20:23.433		152.848			4
2026.02.13	00:20:24.676	152.715	152.850			6
2026.02.13	00:20:24.986		152.849			4
2026.02.13	00:20:25.597		152.856			4
2026.02.13	00:20:26.531		152.850			4
2026.02.13	00:20:30.566		152.856			4
2026.02.13	00:20:30.878	152.712	152.869			6
2026.02.13	00:20:31.186	152.678				2
2026.02.13	00:20:31.503	152.681	152.870			6
2026.02.13	00:20:32.456	152.677				2
2026.02.13	00:20:33.084	152.675				2
2026.02.13	00:20:35.267		152.868			4
2026.02.13	00:20:36.208		152.866			4
2026.02.13	00:20:38.704		152.864			4
2026.02.13	00:20:44.632		152.866			4
2026.02.13	00:20:48.034		152.864			4
2026.02.13	00:21:00.166	152.675				2
2026.02.13	00:21:01.103	152.665	152.860			6
2026.02.13	00:21:09.200	152.664				2
2026.02.13	00:21:09.819		152.854			4
2026.02.13	00:21:11.990	152.660	152.852			6
2026.02.13	00:21:15.414	152.658				2
2026.02.13	00:21:21.600	152.657				2
2026.02.13	00:21:28.094		152.855			4
2026.02.13	00:21:28.708		152.852			4
2026.02.13	00:21:43.925		152.854			4
2026.02.13	00:22:00.067	152.657				2
2026.02.13	00:22:09.697		152.852			4
2026.02.13	00:22:10.007		152.854			4
2026.02.13	00:22:10.319		152.853			4
2026.02.13	00:22:17.127		152.852			4
2026.02.13	00:22:27.344		152.850			4
2026.02.13	00:22:30.742		152.851			4
2026.02.13	00:22:38.480		152.852			4
2026.02.13	00:22:39.096		152.853			4
2026.02.13	00:22:41.570		152.854			4
2026.02.13	00:23:00.133	152.657				2
2026.02.13	00:23:27.960	152.728				2
2026.02.13	00:23:41.591		152.854			4
2026.02.13	00:23:50.548	152.737	152.853			6
2026.02.13	00:24:00.181	152.737				2
2026.02.13	00:24:02.670		152.852			4
2026.02.13	00:24:02.981		152.853			4
2026.02.13	00:24:06.098		152.852			4
2026.02.13	00:24:09.829	152.729	152.853			6
2026.02.13	00:24:23.777		152.852			4
2026.02.13	00:24:28.724		152.851			4
2026.02.13	00:24:33.044	152.736	152.852			6
2026.02.13	00:24:42.073		152.847			4
2026.02.13	00:25:00.048	152.736				2
2026.02.13	00:25:10.275		152.852			4
2026.02.13	00:25:16.181		152.851			4
2026.02.13	00:25:16.803		152.850			4
2026.02.13	00:25:18.966		152.849			4
2026.02.13	00:25:39.096		152.848			4
2026.02.13	00:25:40.644		152.847			4
2026.02.13	00:26:00.217	152.736				2
2026.02.13	00:26:09.808		152.843			4
2026.02.13	00:26:22.162		152.844			4
2026.02.13	00:26:28.676		152.846			4
2026.02.13	00:26:32.092	152.728	152.822			6
2026.02.13	00:26:33.924	152.733	152.820			6
2026.02.13	00:26:35.162	152.753				2
2026.02.13	00:26:41.562	152.756				2
2026.02.13	00:26:42.172		152.811			4
2026.02.13	00:26:47.381	152.758				2
2026.02.13	00:26:57.224	152.752				2
2026.02.13	00:27:00.306	152.752				2
2026.02.13	00:27:00.923	152.750	152.816			6
2026.02.13	00:27:01.225	152.749	152.820			6
2026.02.13	00:27:01.835	152.747				2
2026.02.13	00:27:02.451		152.821			4
2026.02.13	00:27:11.054		152.824			4
2026.02.13	00:27:11.664	152.731	152.857			6
2026.02.13	00:27:12.278		152.856			4
2026.02.13	00:27:13.207		152.855			4
2026.02.13	00:27:13.520		152.854			4
2026.02.13	00:27:15.383	152.749	152.849			6
2026.02.13	00:27:15.693		152.852			4
2026.02.13	00:27:18.185		152.853			4
2026.02.13	00:27:22.866		152.854			4
2026.02.13	00:27:23.806		152.864			4
2026.02.13	00:27:24.425		152.854			4
2026.02.13	00:27:25.966		152.853			4
2026.02.13	00:27:35.890		152.858			4
2026.02.13	00:27:40.214		152.859			4
2026.02.13	00:27:40.829		152.855			4
2026.02.13	00:27:41.130		152.857			4
2026.02.13	00:27:42.386		152.859			4
2026.02.13	00:27:51.084		152.855			4
2026.02.13	00:28:00.097	152.749				2
2026.02.13	00:28:03.501		152.837			4
2026.02.13	00:28:03.807	152.719	152.835			6
2026.02.13	00:28:05.988	152.742	152.831			6
2026.02.13	00:28:08.166	152.749	152.830			6
2026.02.13	00:28:10.325		152.831			4
2026.02.13	00:28:13.417	152.751				2
2026.02.13	00:28:13.728		152.832			4
2026.02.13	00:28:15.260		152.833			4
2026.02.13	00:28:25.460		152.834			4
2026.02.13	00:28:28.868		152.827			4
2026.02.13	00:28:35.964		152.826			4
2026.02.13	00:28:44.335		152.825			4
2026.02.13	00:28:46.488		152.824			4
2026.02.13	00:28:48.343		152.825			4
2026.02.13	00:28:48.963		152.824			4
2026.02.13	00:28:51.439		152.823			4
2026.02.13	00:28:55.454		152.822			4
2026.02.13	00:28:58.238		152.821			4
2026.02.13	00:29:00.088	152.751				2
2026.02.13	00:29:08.139		152.820			4
2026.02.13	00:29:11.539		152.819			4
2026.02.13	00:29:11.846	152.746				2
2026.02.13	00:29:15.582		152.821			4
2026.02.13	00:29:19.608	152.743	152.835			6
2026.02.13	00:29:19.920		152.832			4
2026.02.13	00:29:37.002		152.833			4
2026.02.13	00:29:40.120	152.746	152.830			6
2026.02.13	00:29:54.716		152.831			4
2026.02.13	00:30:00.012	152.746				2
2026.02.13	00:30:00.318		152.830			4
2026.02.13	00:30:00.629		152.823			4
2026.02.13	00:30:03.112		152.824			4
2026.02.13	00:30:04.672		152.817			4
2026.02.13	00:30:04.983		152.818			4
2026.02.13	00:30:05.302		152.817			4
2026.02.13	00:30:06.837		152.816			4
2026.02.13	00:30:07.140		152.820			4
2026.02.13	00:30:07.444		152.826			4
2026.02.13	00:30:07.752		152.825			4
2026.02.13	00:30:08.991	152.747	152.829			6
2026.02.13	00:30:10.539		152.833			4
2026.02.13	00:30:12.419		152.832			4
2026.02.13	00:30:13.345		152.828			4
2026.02.13	00:30:18.943		152.829			4
2026.02.13	00:30:19.573		152.832			4
2026.02.13	00:30:23.610	152.746	152.834			6
2026.02.13	00:30:24.227		152.835			4
2026.02.13	00:30:28.904		152.834			4
2026.02.13	00:30:31.089		152.835			4
2026.02.13	00:30:31.397	152.729	152.832			6
2026.02.13	00:30:31.705		152.834			4
2026.02.13	00:30:32.019		152.833			4
2026.02.13	00:30:38.218		152.832			4
2026.02.13	00:30:41.016		152.831			4
2026.02.13	00:30:41.327		152.829			4
2026.02.13	00:30:42.567	152.741				2
2026.02.13	00:30:42.880		152.832			4
2026.02.13	00:30:45.659		152.830			4
2026.02.13	00:30:47.521	152.718	152.831			6
2026.02.13	00:30:47.836	152.726	152.828			6
2026.02.13	00:30:48.770	152.732	152.829			6
2026.02.13	00:30:49.082		152.827			4
2026.02.13	00:30:50.005	152.747	152.824			6
2026.02.13	00:30:50.931	152.729	152.829			6
2026.02.13	00:30:51.242		152.831			4
2026.02.13	00:30:51.856		152.830			4
2026.02.13	00:30:52.170	152.730				2
2026.02.13	00:30:53.095	152.748	152.827			6
2026.02.13	00:30:54.350	152.743	152.826			6
2026.02.13	00:30:54.660		152.829			4
2026.02.13	00:30:55.276	152.746	152.828			6
2026.02.13	00:30:55.895		152.826			4
2026.02.13	00:30:56.200		152.825			4
2026.02.13	00:30:56.509	152.751	152.827			6
2026.02.13	00:30:57.447	152.747				2
2026.02.13	00:30:59.312	152.749	152.824			6
2026.02.13	00:30:59.620	152.748				2
2026.02.13	00:31:00.239	152.748				2
2026.02.13	00:31:00.548	152.752	152.826			6
2026.02.13	00:31:00.866	152.750	152.824			6
2026.02.13	00:31:01.167	152.746	152.825			6
2026.02.13	00:31:01.491		152.827			4
2026.02.13	00:31:01.798	152.751	152.826			6
2026.02.13	00:31:02.730	152.745	152.825			6
2026.02.13	00:31:03.036		152.826			4
2026.02.13	00:31:03.966	152.744	152.825			6
2026.02.13	00:31:04.906	152.751				2
2026.02.13	00:31:05.223		152.824			4
2026.02.13	00:31:06.482		152.822			4
2026.02.13	00:31:07.095	152.753	152.823			6
2026.02.13	00:31:08.040	152.749				2
2026.02.13	00:31:08.663	152.752				2
2026.02.13	00:31:09.282	152.745	152.826			6
2026.02.13	00:31:09.901		152.825			4
2026.02.13	00:31:10.514	152.749	152.824			6
2026.02.13	00:31:10.827		152.823			4
2026.02.13	00:31:11.448	152.746	152.824			6
2026.02.13	00:31:11.753	152.751	152.826			6
2026.02.13	00:31:12.072		152.825			4
2026.02.13	00:31:12.697	152.746				2
2026.02.13	00:31:13.940		152.826			4
2026.02.13	00:31:14.563		152.833			4
2026.02.13	00:31:15.173	152.743				2
2026.02.13	00:31:16.419	152.744				2
2026.02.13	00:31:17.356	152.747				2
2026.02.13	00:31:19.202		152.834			4
2026.02.13	00:31:19.518	152.753	152.835			6
2026.02.13	00:31:19.826		152.834			4
2026.02.13	00:31:21.695	152.748				2
2026.02.13	00:31:23.258	152.744	152.833			6
2026.02.13	00:31:24.197	152.745				2
2026.02.13	00:31:24.504	152.751	152.835			6
2026.02.13	00:31:24.810		152.834			4
2026.02.13	00:31:25.429		152.835			4
2026.02.13	00:31:29.768		152.836			4
2026.02.13	00:31:30.388	152.745	152.835			6
2026.02.13	00:31:32.248		152.834			4
2026.02.13	00:31:34.103		152.835			4
2026.02.13	00:31:34.722		152.834			4
2026.02.13	00:31:36.266	152.748				2
2026.02.13	00:31:40.285	152.752	152.835			6
2026.02.13	00:31:45.231		152.834			4
2026.02.13	00:31:50.780	152.745				2
2026.02.13	00:31:55.448		152.835			4
2026.02.13	00:31:59.151		152.834			4
2026.02.13	00:32:00.082	152.745				2
2026.02.13	00:32:00.698	152.750				2
2026.02.13	00:32:01.314		152.832			4
2026.02.13	00:32:05.033		152.833			4
2026.02.13	00:32:05.350		152.832			4
2026.02.13	00:32:05.654	152.729	152.834			6
2026.02.13	00:32:05.972	152.728				2
2026.02.13	00:32:06.279	152.727				2
2026.02.13	00:32:10.910	152.730				2
2026.02.13	00:32:17.699	152.725	152.839			6
2026.02.13	00:32:25.423	152.726	152.838			6
2026.02.13	00:32:25.730	152.724	152.839			6
2026.02.13	00:32:36.855	152.725				2
2026.02.13	00:32:43.960		152.838			4
2026.02.13	00:32:44.884		152.839			4
2026.02.13	00:32:46.758		152.838			4
2026.02.13	00:32:47.371		152.836			4
2026.02.13	00:33:00.104	152.725				2
2026.02.13	00:33:06.904	152.726				2
2026.02.13	00:33:20.809	152.725				2
2026.02.13	00:33:40.575	152.726				2
2026.02.13	00:33:47.439		152.836			4
2026.02.13	00:33:56.769	152.727				2
2026.02.13	00:34:00.177	152.727				2
2026.02.13	00:34:09.510		152.839			4
2026.02.13	00:34:10.139		152.836			4
2026.02.13	00:34:20.403	152.726				2
2026.02.13	00:34:39.338	152.712	152.789			6
2026.02.13	00:34:39.643	152.662	152.852			6
2026.02.13	00:34:39.953	152.660				2
2026.02.13	00:34:40.255	152.668				2
2026.02.13	00:34:40.559	152.665				2
2026.02.13	00:34:41.477	152.666				2
2026.02.13	00:34:43.022	152.677	152.847			6
2026.02.13	00:34:43.950	152.678				2
2026.02.13	00:34:44.558	152.680	152.845			6
2026.02.13	00:34:47.973		152.844			4
2026.02.13	00:34:50.469	152.681	152.843			6
2026.02.13	00:34:51.090	152.678	152.847			6
2026.02.13	00:34:52.345		152.844			4
2026.02.13	00:34:53.278		152.836			4
2026.02.13	00:34:54.513	152.699	152.833			6
2026.02.13	00:35:00.124	152.699				2
2026.02.13	00:35:15.005	152.702	152.817			6
2026.02.13	00:35:15.321	152.697				2
2026.02.13	00:35:17.806	152.700				2
2026.02.13	00:35:42.091	152.710	152.807			6
2026.02.13	00:35:44.230	152.711				2
2026.02.13	00:35:47.011	152.707	152.817			6
2026.02.13	00:35:51.695	152.686	152.824			6
2026.02.13	00:35:52.317	152.677	152.825			6
2026.02.13	00:35:52.939	152.678				2
2026.02.13	00:35:53.254	152.677				2
2026.02.13	00:35:54.181	152.676				2
2026.02.13	00:35:56.368	152.675				2
2026.02.13	00:35:57.303	152.674				2
2026.02.13	00:36:00.093	152.674				2
2026.02.13	00:36:01.958	152.673				2
2026.02.13	00:36:07.252	152.672				2
2026.02.13	00:36:11.289	152.671				2
2026.02.13	00:36:13.470	152.670				2
2026.02.13	00:36:26.536	152.668				2
2026.02.13	00:36:32.782	152.671				2
2026.02.13	00:36:38.375	152.669				2
2026.02.13	00:36:40.543	152.671				2
2026.02.13	00:36:43.970	152.670				2
2026.02.13	00:36:46.773	152.669				2
2026.02.13	00:36:50.518	152.670				2
2026.02.13	00:36:50.836	152.669				2
2026.02.13	00:36:51.773	152.668				2
2026.02.13	00:36:52.388		152.825			4
2026.02.13	00:36:52.695	152.702	152.822			6
2026.02.13	00:36:53.624	152.707	152.821			6
2026.02.13	00:36:54.547	152.711				2
2026.02.13	00:36:58.599	152.715				2
2026.02.13	00:37:00.163	152.715				2
2026.02.13	00:37:03.578	152.712	152.820			6
2026.02.13	00:37:08.525	152.716	152.819			6
2026.02.13	00:37:13.485		152.812			4
2026.02.13	00:37:13.795	152.717	152.818			6
2026.02.13	00:37:23.714		152.817			4
2026.02.13	00:37:24.649		152.818			4
2026.02.13	00:37:28.700		152.815			4
2026.02.13	00:37:31.485		152.818			4
2026.02.13	00:37:38.937		152.813			4
2026.02.13	00:37:41.995		152.814			4
2026.02.13	00:37:43.232	152.712	152.819			6
2026.02.13	00:37:45.721	152.716	152.818			6
2026.02.13	00:37:52.861	152.720	152.817			6
2026.02.13	00:37:53.164	152.689	152.820			6
2026.02.13	00:37:55.957	152.695	152.808			6
2026.02.13	00:37:56.273	152.696				2
2026.02.13	00:37:57.204	152.698				2
2026.02.13	00:37:58.143	152.696				2
2026.02.13	00:37:58.457	152.697				2
2026.02.13	00:37:59.074	152.695				2
2026.02.13	00:38:00.002	152.695				2
2026.02.13	00:38:00.313	152.694				2
2026.02.13	00:38:00.927	152.695				2
2026.02.13	00:38:01.547	152.693				2
2026.02.13	00:38:07.429	152.695				2
2026.02.13	00:38:07.740	152.696				2
2026.02.13	00:38:08.050	152.697				2
2026.02.13	00:38:08.361	152.706	152.809			6
2026.02.13	00:38:13.027	152.708				2
2026.02.13	00:38:14.591	152.712	152.819			6
2026.02.13	00:38:15.210		152.809			4
2026.02.13	00:38:18.656	152.713	152.799			6
2026.02.13	00:38:47.814	152.714				2
2026.02.13	00:38:48.122	152.713				2
2026.02.13	00:38:50.597	152.719				2
2026.02.13	00:39:00.194	152.719				2
2026.02.13	00:39:17.528		152.800			4
2026.02.13	00:39:45.654	152.716				2
2026.02.13	00:40:00.227	152.716				2
2026.02.13	00:40:13.589	152.750	152.861			6
2026.02.13	00:40:13.894	152.748	152.862			6
2026.02.13	00:40:14.215	152.724	152.861			6
2026.02.13	00:40:15.760	152.726	152.858			6
2026.02.13	00:40:17.008		152.857			4
2026.02.13	00:40:17.327		152.858			4
2026.02.13	00:40:17.945	152.732				2
2026.02.13	00:40:19.176	152.736	152.857			6
2026.02.13	00:40:20.731	152.743				2
2026.02.13	00:40:21.350		152.854			4
2026.02.13	00:40:22.594	152.744	152.857			6
2026.02.13	00:40:22.906		152.853			4
2026.02.13	00:40:23.525		152.854			4
2026.02.13	00:40:24.757		152.856			4
2026.02.13	00:40:29.409	152.717	152.793			6
2026.02.13	00:40:31.261	152.721	152.791			6
2026.02.13	00:40:32.806	152.723	152.831			6
2026.02.13	00:40:33.115		152.853			4
2026.02.13	00:40:33.418		152.854			4
2026.02.13	00:40:34.043		152.855			4
2026.02.13	00:40:34.658	152.740	152.856			6
2026.02.13	00:40:34.966	152.742	152.848			6
2026.02.13	00:40:35.275		152.854			4
2026.02.13	00:40:36.211		152.851			4
2026.02.13	00:40:36.522		152.852			4
2026.02.13	00:40:37.141		152.851			4
2026.02.13	00:40:37.454	152.746	152.849			6
2026.02.13	00:40:37.768		152.850			4
2026.02.13	00:40:38.383		152.849			4
2026.02.13	00:40:38.995		152.850			4
2026.02.13	00:40:39.303	152.750				2
2026.02.13	00:40:39.605	152.753	152.847			6
2026.02.13	00:40:40.544		152.846			4
2026.02.13	00:40:40.858	152.757				2
2026.02.13	00:40:41.167	152.754				2
2026.02.13	00:40:42.099		152.847			4
2026.02.13	00:40:43.346		152.846			4
2026.02.13	00:40:43.659	152.757				2
2026.02.13	00:40:44.279		152.845			4
2026.02.13	00:40:44.590		152.846			4
2026.02.13	00:40:45.517	152.758	152.855			6
2026.02.13	00:40:45.824	152.762	152.857			6
2026.02.13	00:40:46.125	152.754	152.855			6
2026.02.13	00:40:46.444	152.753	152.849			6
2026.02.13	00:40:46.759		152.846			4
2026.02.13	00:40:47.382	152.750	152.848			6
2026.02.13	00:40:47.686	152.742	152.850			6
2026.02.13	00:40:47.999		152.849			4
2026.02.13	00:40:48.923		152.847			4
2026.02.13	00:40:49.543	152.720	152.793			6
2026.02.13	00:40:49.850	152.715				2
2026.02.13	00:40:50.470	152.720				2
2026.02.13	00:40:50.776	152.721				2
2026.02.13	00:40:59.398	152.723	152.786			6
2026.02.13	00:40:59.705	152.722				2
2026.02.13	00:41:00.008	152.722				2
2026.02.13	00:41:01.230	152.720	152.788			6
2026.02.13	00:41:01.531	152.721				2
2026.02.13	00:41:06.747	152.722				2
2026.02.13	00:41:10.126	152.724	152.779			6
2026.02.13	00:41:11.968	152.727				2
2026.02.13	00:41:19.618	152.723				2
2026.02.13	00:41:26.380	152.746	152.851			6
2026.02.13	00:41:26.685		152.849			4
2026.02.13	00:41:26.987	152.743	152.858			6
2026.02.13	00:41:27.297	152.741	152.854			6
2026.02.13	00:41:27.605		152.855			4
2026.02.13	00:41:27.915	152.728	152.859			6
2026.02.13	00:41:28.222	152.745	152.855			6
2026.02.13	00:41:29.154		152.854			4
2026.02.13	00:41:29.770		152.856			4
2026.02.13	00:41:30.387	152.748	152.854			6
2026.02.13	00:41:30.693		152.853			4
2026.02.13	00:41:31.631		152.849			4
2026.02.13	00:41:32.559		152.850			4
2026.02.13	00:41:32.866		152.849			4
2026.02.13	00:41:33.486		152.851			4
2026.02.13	00:41:34.729	152.751	152.850			6
2026.02.13	00:41:35.034		152.851			4
2026.02.13	00:41:36.588		152.852			4
2026.02.13	00:41:37.520		152.854			4
2026.02.13	00:41:38.453		152.853			4
2026.02.13	00:41:40.617	152.739	152.852			6
2026.02.13	00:41:41.543	152.757	152.849			6
2026.02.13	00:41:42.470		152.845			4
2026.02.13	00:41:43.711		152.846			4
2026.02.13	00:41:44.948		152.848			4
2026.02.13	00:41:46.499		152.847			4
2026.02.13	00:41:47.115		152.848			4
2026.02.13	00:41:47.417	152.730	152.850			6
2026.02.13	00:41:47.725	152.732	152.846			6
2026.02.13	00:41:49.276		152.845			4
2026.02.13	00:41:51.742	152.736				2
2026.02.13	00:41:52.672	152.732	152.847			6
2026.02.13	00:41:53.907	152.716	152.790			6
2026.02.13	00:41:56.995	152.719				2
2026.02.13	00:42:00.083	152.719				2
2026.02.13	00:42:01.316	152.721				2
2026.02.13	00:42:01.934	152.725				2
2026.02.13	00:42:05.341		152.789			4
2026.02.13	00:42:09.047	152.723				2
2026.02.13	00:42:17.695	152.728				2
2026.02.13	00:42:33.136	152.726				2
2026.02.13	00:42:42.419	152.728	152.806			6
2026.02.13	00:42:49.541	152.734	152.853			6
2026.02.13	00:42:49.847	152.737	152.845			6
2026.02.13	00:42:50.162	152.743				2
2026.02.13	00:42:50.778	152.751	152.846			6
2026.02.13	00:42:51.085		152.842			4
2026.02.13	00:42:52.016	152.757	152.841			6
2026.02.13	00:42:52.327		152.843			4
2026.02.13	00:42:52.629		152.841			4
2026.02.13	00:42:53.867	152.762	152.842			6
2026.02.13	00:42:54.170		152.840			4
2026.02.13	00:42:54.483	152.734	152.848			6
2026.02.13	00:42:55.105		152.849			4
2026.02.13	00:42:56.027		152.851			4
2026.02.13	00:42:56.328		152.852			4
2026.02.13	00:42:57.261		152.848			4
2026.02.13	00:42:58.191		152.850			4
2026.02.13	00:42:58.497		152.852			4
2026.02.13	00:42:58.806		152.849			4
2026.02.13	00:42:59.118		152.850			4
2026.02.13	00:43:00.043	152.734	152.849			6
2026.02.13	00:43:00.355	152.735	152.846			6
2026.02.13	00:43:01.281		152.847			4
2026.02.13	00:43:04.679	152.734	152.850			6
2026.02.13	00:43:05.602		152.851			4
2026.02.13	00:43:07.147		152.849			4
2026.02.13	00:43:08.068	152.725	152.811			6
2026.02.13	00:43:09.615	152.736				2
2026.02.13	00:43:10.855	152.738				2
2026.02.13	00:43:16.443	152.741				2
2026.02.13	00:43:23.239	152.725				2
2026.02.13	00:43:50.425	152.733				2
2026.02.13	00:44:00.306	152.733				2
2026.02.13	00:44:08.342		152.811			4
2026.02.13	00:44:22.268		152.810			4
2026.02.13	00:44:23.514		152.808			4
2026.02.13	00:44:27.529		152.809			4
2026.02.13	00:45:00.023	152.733				2
2026.02.13	00:45:01.573		152.808			4
2026.02.13	00:45:03.110	152.721				2
2026.02.13	00:45:06.509	152.734				2
2026.02.13	00:45:06.815	152.733				2
2026.02.13	00:45:14.867		152.810			4
2026.02.13	00:45:29.163		152.808			4
2026.02.13	00:45:35.044		152.807			4
2026.02.13	00:45:52.703		152.808			4
2026.02.13	00:46:00.151	152.733	152.809			6
2026.02.13	00:46:02.013		152.810			4
2026.02.13	00:46:08.831		152.811			4
2026.02.13	00:46:40.478	152.734	152.809			6
2026.02.13	00:46:45.952	152.735				2
2026.02.13	00:47:00.591	152.735				2
2026.02.13	00:47:03.194	152.725	152.816			6
2026.02.13	00:47:06.598	152.736	152.810			6
2026.02.13	00:47:06.913	152.735	152.809			6
2026.02.13	00:47:30.314	152.737				2
2026.02.13	00:48:00.476	152.737				2
2026.02.13	00:48:06.043	152.696	152.782			6
2026.02.13	00:48:06.355	152.690	152.781			6
2026.02.13	00:48:06.945		152.780			4
2026.02.13	00:48:07.350	152.691	152.779			6
2026.02.13	00:48:11.144	152.711	152.781			6
2026.02.13	00:48:11.487		152.782			4
2026.02.13	00:48:15.596		152.783			4
2026.02.13	00:48:18.599	152.714				2
2026.02.13	00:48:22.243		152.784			4
2026.02.13	00:48:29.409		152.785			4
2026.02.13	00:48:33.944	152.715				2
2026.02.13	00:48:34.599	152.719				2
2026.02.13	00:48:35.199	152.713	152.786			6
2026.02.13	00:48:38.604		152.785			4
2026.02.13	00:48:39.908		152.788			4
2026.02.13	00:48:40.306	152.664	152.787			6
2026.02.13	00:48:40.607	152.666	152.788			6
2026.02.13	00:48:41.026	152.664	152.786			6
2026.02.13	00:48:41.334	152.666				2
2026.02.13	00:48:41.957	152.665				2
2026.02.13	00:48:42.889	152.664				2
2026.02.13	00:48:43.288	152.690	152.783			6
2026.02.13	00:48:44.183	152.676	152.752			6
2026.02.13	00:48:44.987	152.680	152.751			6
2026.02.13	00:48:45.936		152.753			4
2026.02.13	00:48:46.237	152.668	152.766			6
2026.02.13	00:48:46.557	152.671	152.780			6
2026.02.13	00:48:49.259	152.673				2
2026.02.13	00:48:50.832	152.685	152.748			6
2026.02.13	00:48:54.561	152.687	152.753			6
2026.02.13	00:48:54.879	152.682	152.752			6
2026.02.13	00:48:55.814	152.683				2
2026.02.13	00:48:56.746	152.685				2
2026.02.13	00:48:58.314		152.748			4
2026.02.13	00:48:58.628	152.684				2
2026.02.13	00:48:59.559	152.687				2
2026.02.13	00:49:00.179	152.687				2
2026.02.13	00:49:00.486	152.685				2
2026.02.13	00:49:01.106	152.684				2
2026.02.13	00:49:01.422	152.677	152.754			6
2026.02.13	00:49:01.739		152.763			4
2026.02.13	00:49:03.752	152.680	152.765			6
2026.02.13	00:49:05.612	152.681				2
2026.02.13	00:49:06.229	152.678				2
2026.02.13	00:49:07.001	152.679				2
2026.02.13	00:49:07.622	152.688	152.764			6
2026.02.13	00:49:08.356	152.681	152.752			6
2026.02.13	00:49:08.964		152.754			4
2026.02.13	00:49:09.269	152.682	152.765			6
2026.02.13	00:49:12.775	152.689	152.764			6
2026.02.13	00:49:13.264	152.682	152.765			6
2026.02.13	00:49:14.254	152.683	152.777			6
2026.02.13	00:49:14.756		152.773			4
2026.02.13	00:49:17.744	152.679	152.771			6
2026.02.13	00:49:19.005	152.683				2
2026.02.13	00:49:20.216	152.678				2
2026.02.13	00:49:20.843	152.687				2
2026.02.13	00:49:22.504	152.681				2
2026.02.13	00:49:22.992	152.652	152.699			6
2026.02.13	00:49:41.029	152.659	152.731			6
2026.02.13	00:49:41.667	152.657	152.698			6
2026.02.13	00:50:00.344	152.657				2
2026.02.13	00:50:07.048		152.699			4
2026.02.13	00:50:30.475	152.658	152.791			6
2026.02.13	00:50:30.776	152.671	152.790			6
2026.02.13	00:50:31.175	152.669	152.792			6
2026.02.13	00:50:31.792		152.790			4
2026.02.13	00:50:32.346	152.673	152.788			6
2026.02.13	00:50:32.857	152.672	152.789			6
2026.02.13	00:50:33.336	152.668	152.793			6
2026.02.13	00:50:33.684	152.667				2
2026.02.13	00:50:34.604	152.672	152.789			6
2026.02.13	00:50:35.605	152.668	152.793			6
2026.02.13	00:50:36.343	152.672	152.789			6
2026.02.13	00:50:37.042	152.667	152.798			6
2026.02.13	00:50:37.467	152.668	152.797			6
2026.02.13	00:50:37.798	152.666	152.799			6
2026.02.13	00:50:38.439	152.663				2
2026.02.13	00:50:39.447	152.664	152.798			6
2026.02.13	00:50:40.605	152.667	152.795			6
2026.02.13	00:50:41.606		152.794			4
2026.02.13	00:50:42.605	152.665	152.796			6
2026.02.13	00:50:45.328	152.666	152.795			6
2026.02.13	00:50:46.340	152.664	152.796			6
2026.02.13	00:50:47.345	152.666				2
2026.02.13	00:50:48.604	152.663	152.798			6
2026.02.13	00:50:49.606	152.665	152.796			6
2026.02.13	00:50:50.261	152.666				2
2026.02.13	00:50:51.759	152.663	152.798			6
2026.02.13	00:50:52.545	152.664	152.797			6
2026.02.13	00:50:53.443	152.665	152.796			6
2026.02.13	00:50:54.606	152.666				2
2026.02.13	00:50:56.747		152.795			4
2026.02.13	00:50:58.752	152.664	152.797			6
2026.02.13	00:51:01.747	152.664	152.796			6
2026.02.13	00:51:02.855	152.665				2
2026.02.13	00:51:03.583	152.664	152.801			6
2026.02.13	00:51:04.820	152.665	152.800			6
2026.02.13	00:51:05.830	152.663	152.802			6
2026.02.13	00:51:07.396	152.665	152.800			6
2026.02.13	00:51:08.399	152.663	152.802			6
2026.02.13	00:51:12.944	152.662	152.803			6
2026.02.13	00:51:13.743	152.666	152.802			6
2026.02.13	00:51:14.346		152.803			4
2026.02.13	00:51:15.604		152.802			4
2026.02.13	00:51:17.287	152.668	152.814			6
2026.02.13	00:51:18.221		152.815			4
2026.02.13	00:51:20.385		152.814			4
2026.02.13	00:51:20.690		152.816			4
2026.02.13	00:51:25.643		152.815			4
2026.02.13	00:51:28.739	152.670	152.817			6
2026.02.13	00:51:29.361	152.668				2
2026.02.13	00:51:31.219	152.662	152.807			6
2026.02.13	00:51:31.746	152.658	152.776			6
2026.02.13	00:51:32.752	152.662	152.764			6
2026.02.13	00:51:33.062	152.661				2
2026.02.13	00:51:33.373	152.660	152.760			6
2026.02.13	00:51:33.679	152.663				2
2026.02.13	00:51:34.297	152.664	152.759			6
2026.02.13	00:51:36.428	152.665	152.756			6
2026.02.13	00:51:39.288	152.668				2
2026.02.13	00:51:41.606	152.671	152.757			6
2026.02.13	00:51:45.997	152.674	152.756			6
2026.02.13	00:51:49.098	152.661	152.801			6
2026.02.13	00:51:50.143	152.663	152.785			6
2026.02.13	00:51:56.407	152.664				2
2026.02.13	00:51:56.764	152.669				2
2026.02.13	00:52:00.614	152.669				2
2026.02.13	00:52:03.944	152.670	152.814			6
2026.02.13	00:52:04.250	152.666	152.810			6
2026.02.13	00:52:04.608	152.668	152.792			6
2026.02.13	00:52:18.945	152.671	152.813			6
2026.02.13	00:52:19.251	152.663				2
2026.02.13	00:52:19.570	152.657	152.759			6
2026.02.13	00:52:25.545	152.671	152.739			6
2026.02.13	00:52:26.779	152.687				2
2026.02.13	00:52:27.614	152.691				2
2026.02.13	00:52:28.623	152.692				2
2026.02.13	00:52:29.686	152.693				2
2026.02.13	00:52:31.328	152.692				2
2026.02.13	00:52:38.354	152.671	152.766			6
2026.02.13	00:52:38.858		152.761			4
2026.02.13	00:52:40.845		152.774			4
2026.02.13	00:52:49.063		152.766			4
2026.02.13	00:52:54.961		152.767			4
2026.02.13	00:52:55.580		152.769			4
2026.02.13	00:52:56.614		152.774			4
2026.02.13	00:52:57.537		152.773			4
2026.02.13	00:53:00.011	152.671				2
2026.02.13	00:53:01.557		152.764			4
2026.02.13	00:53:03.715		152.756			4
2026.02.13	00:53:04.061		152.754			4
2026.02.13	00:53:04.364		152.752			4
2026.02.13	00:53:08.043		152.751			4
2026.02.13	00:53:08.957		152.753			4
2026.02.13	00:53:13.594		152.750			4
2026.02.13	00:53:19.420		152.749			4
2026.02.13	00:53:20.336		152.753			4
2026.02.13	00:53:21.265		152.751			4
2026.02.13	00:53:26.486		152.755			4
2026.02.13	00:53:28.039	152.700	152.759			6
2026.02.13	00:53:28.344	152.690	152.764			6
2026.02.13	00:53:28.645	152.694	152.762			6
2026.02.13	00:53:29.912	152.700	152.759			6
2026.02.13	00:53:30.214	152.694	152.755			6
2026.02.13	00:53:30.529	152.701	152.754			6
2026.02.13	00:53:31.452	152.703	152.753			6
2026.02.13	00:53:31.760		152.754			4
2026.02.13	00:53:33.602	152.705	152.755			6
2026.02.13	00:53:33.911		152.753			4
2026.02.13	00:53:39.740	152.703	152.752			6
2026.02.13	00:53:40.658	152.705	152.751			6
2026.02.13	00:53:44.651		152.750			4
2026.02.13	00:53:45.258		152.751			4
2026.02.13	00:53:46.793		152.752			4
2026.02.13	00:53:49.555		152.754			4
2026.02.13	00:53:51.411		152.750			4
2026.02.13	00:53:53.244		152.752			4
2026.02.13	00:53:54.491		152.751			4
2026.02.13	00:53:54.800		152.753			4
2026.02.13	00:53:56.344		152.751			4
2026.02.13	00:53:57.581		152.756			4
2026.02.13	00:53:57.898		152.754			4
2026.02.13	00:53:59.145		152.756			4
2026.02.13	00:53:59.462		152.752			4
2026.02.13	00:54:00.087	152.705	152.756			6
2026.02.13	00:54:00.406		152.754			4
2026.02.13	00:54:00.715		152.755			4
2026.02.13	00:54:02.581		152.754			4
2026.02.13	00:54:03.208		152.755			4
2026.02.13	00:54:04.760		152.753			4
2026.02.13	00:54:05.068		152.754			4
2026.02.13	00:54:06.956		152.755			4
2026.02.13	00:54:07.883		152.753			4
2026.02.13	00:54:08.503		152.752			4
2026.02.13	00:54:10.367		152.753			4
2026.02.13	00:54:10.991		152.759			4
2026.02.13	00:54:11.611		152.758			4
2026.02.13	00:54:15.971		152.756			4
2026.02.13	00:54:16.589		152.754			4
2026.02.13	00:54:20.335		152.753			4
2026.02.13	00:54:21.589		152.756			4
2026.02.13	00:54:22.528		152.757			4
2026.02.13	00:54:26.563		152.756			4
2026.02.13	00:54:26.881		152.758			4
2026.02.13	00:54:27.506		152.757			4
2026.02.13	00:54:28.754		152.758			4
2026.02.13	00:54:37.747		152.757			4
2026.02.13	00:54:38.362		152.758			4
2026.02.13	00:54:38.984		152.755			4
2026.02.13	00:54:43.002		152.756			4
2026.02.13	00:54:44.870		152.757			4
2026.02.13	00:54:45.497		152.756			4
2026.02.13	00:54:46.111		152.757			4
2026.02.13	00:54:46.420		152.758			4
2026.02.13	00:54:47.357		152.759			4
2026.02.13	00:54:47.661		152.758			4
2026.02.13	00:54:47.977		152.756			4
2026.02.13	00:54:48.291		152.757			4
2026.02.13	00:54:48.907		152.759			4
2026.02.13	00:54:49.218		152.757			4
2026.02.13	00:54:49.528	152.702	152.759			6
2026.02.13	00:54:50.449	152.705				2
2026.02.13	00:54:51.066		152.757			4
2026.02.13	00:54:51.688		152.758			4
2026.02.13	00:54:54.466		152.757			4
2026.02.13	00:54:55.402		152.758			4
2026.02.13	00:54:59.121		152.757			4
2026.02.13	00:54:59.428		152.758			4
2026.02.13	00:55:00.057	152.705				2
2026.02.13	00:55:00.683	152.680	152.767			6
2026.02.13	00:55:00.986		152.764			4
2026.02.13	00:55:02.846		152.761			4
2026.02.13	00:55:03.773	152.674	152.766			6
2026.02.13	00:55:04.079		152.768			4
2026.02.13	00:55:04.383		152.761			4
2026.02.13	00:55:05.638		152.757			4
2026.02.13	00:55:05.955		152.763			4
2026.02.13	00:55:06.261		152.756			4
2026.02.13	00:55:14.143		152.729			4
2026.02.13	00:55:15.393	152.686				2
2026.02.13	00:55:16.318	152.690				2
2026.02.13	00:55:17.081	152.691				2
2026.02.13	00:55:18.657	152.672	152.761			6
2026.02.13	00:55:18.972		152.756			4
2026.02.13	00:55:19.294		152.763			4
2026.02.13	00:55:21.478		152.762			4
2026.02.13	00:55:22.103		152.763			4
2026.02.13	00:55:24.261		152.766			4
2026.02.13	00:55:27.063		152.767			4
2026.02.13	00:55:27.990		152.766			4
2026.02.13	00:55:28.294		152.763			4
2026.02.13	00:55:34.511		152.765			4
2026.02.13	00:55:39.492		152.768			4
2026.02.13	00:55:41.030		152.763			4
2026.02.13	00:55:41.960		152.766			4
2026.02.13	00:55:44.438		152.768			4
2026.02.13	00:55:51.625	152.680	152.770			6
2026.02.13	00:55:52.233	152.686	152.768			6
2026.02.13	00:55:52.550	152.672	152.779			6
2026.02.13	00:55:53.162		152.771			4
2026.02.13	00:55:54.088		152.768			4
2026.02.13	00:55:54.404		152.766			4
2026.02.13	00:55:55.024		152.773			4
2026.02.13	00:55:55.343		152.777			4
2026.02.13	00:55:55.960		152.776			4
2026.02.13	00:55:56.270		152.778			4
2026.02.13	00:56:00.307	152.672				2
2026.02.13	00:56:02.780		152.774			4
2026.02.13	00:56:03.398		152.775			4
2026.02.13	00:56:06.483		152.776			4
2026.02.13	00:56:06.795		152.778			4
2026.02.13	00:56:07.728		152.770			4
2026.02.13	00:56:09.599		152.758			4
2026.02.13	00:56:17.050		152.767			4
2026.02.13	00:56:17.370		152.770			4
2026.02.13	00:56:18.301		152.768			4
2026.02.13	00:56:18.614		152.767			4
2026.02.13	00:56:19.845		152.764			4
2026.02.13	00:56:20.301		152.769			4
2026.02.13	00:57:02.424	152.672				2
2026.02.13	00:57:04.141		152.772			4
2026.02.13	00:57:17.397		152.774			4
2026.02.13	00:57:17.714		152.773			4
2026.02.13	00:57:18.328		152.774			4
2026.02.13	00:57:18.640	152.666				2
2026.02.13	00:57:18.945	152.664				2
2026.02.13	00:57:20.180		152.773			4
2026.02.13	00:57:20.488	152.666	152.774			6
2026.02.13	00:57:20.796		152.769			4
2026.02.13	00:57:21.414		152.773			4
2026.02.13	00:57:21.728	152.664	152.771			6
2026.02.13	00:57:22.029	152.666				2
2026.02.13	00:57:22.338	152.664				2
2026.02.13	00:57:22.645		152.772			4
2026.02.13	00:57:22.962	152.666	152.771			6
2026.02.13	00:57:23.278		152.772			4
2026.02.13	00:57:23.887	152.663	152.773			6
2026.02.13	00:57:24.195		152.772			4
2026.02.13	00:57:24.501		152.773			4
2026.02.13	00:57:25.127		152.771			4
2026.02.13	00:57:25.429		152.773			4
2026.02.13	00:57:25.742		152.772			4
2026.02.13	00:57:26.051	152.664	152.766			6
2026.02.13	00:57:26.357	152.665				2
2026.02.13	00:57:26.973	152.667				2
2026.02.13	00:57:27.287	152.666				2
2026.02.13	00:57:27.595	152.664	152.769			6
2026.02.13	00:57:27.901		152.771			4
2026.02.13	00:57:28.211	152.669	152.769			6
2026.02.13	00:57:28.514	152.662	152.768			6
2026.02.13	00:57:28.817	152.670	152.759			6
2026.02.13	00:57:29.120	152.663	152.772			6
2026.02.13	00:57:29.424	152.664				2
2026.02.13	00:57:30.342	152.663				2
2026.02.13	00:57:30.649	152.662	152.771			6
2026.02.13	00:57:30.958	152.664				2
2026.02.13	00:57:31.270	152.662				2
2026.02.13	00:57:31.583	152.664	152.772			6
2026.02.13	00:57:31.895	152.663				2
2026.02.13	00:57:32.200	152.664	152.771			6
2026.02.13	00:57:32.512		152.772			4
2026.02.13	00:57:32.821	152.669	152.769			6
2026.02.13	00:57:33.136	152.664				2
2026.02.13	00:57:34.665	152.669				2
2026.02.13	00:57:34.981	152.664				2
2026.02.13	00:57:35.601	152.669				2
2026.02.13	00:57:35.903	152.664	152.768			6
2026.02.13	00:57:36.217		152.769			4
2026.02.13	00:57:37.145	152.665	152.768			6
2026.02.13	00:57:37.456	152.664	152.769			6
2026.02.13	00:57:37.769	152.668	152.770			6
2026.02.13	00:57:38.075	152.664				2
2026.02.13	00:57:38.711	152.667				2
2026.02.13	00:57:39.018	152.664	152.769			6
2026.02.13	00:57:39.955		152.771			4
2026.02.13	00:57:40.258	152.669				2
2026.02.13	00:57:40.578	152.664				2
2026.02.13	00:57:40.886	152.663				2
2026.02.13	00:57:41.196	152.664				2
2026.02.13	00:57:42.121	152.663				2
2026.02.13	00:57:42.431	152.664				2
2026.02.13	00:57:42.740	152.663				2
2026.02.13	00:57:43.665	152.664				2
2026.02.13	00:57:43.973	152.663				2
2026.02.13	00:57:44.897	152.664				2
2026.02.13	00:57:45.520	152.663				2
2026.02.13	00:57:45.836	152.669				2
2026.02.13	00:57:46.138	152.663				2
2026.02.13	00:57:46.777	152.664				2
2026.02.13	00:57:48.937	152.672				2
2026.02.13	00:57:49.244	152.664				2
2026.02.13	00:57:49.561	152.672				2
2026.02.13	00:57:49.870	152.664				2
2026.02.13	00:57:50.808	152.673	152.770			6
2026.02.13	00:57:51.117	152.667	152.772			6
2026.02.13	00:57:51.426		152.770			4
2026.02.13	00:57:52.970		152.769			4
2026.02.13	00:57:53.278		152.770			4
2026.02.13	00:57:53.587		152.769			4
2026.02.13	00:57:53.898		152.770			4
2026.02.13	00:57:54.205	152.668				2
2026.02.13	00:57:54.514	152.667				2
2026.02.13	00:57:55.125	152.668	152.769			6
2026.02.13	00:57:55.444	152.667				2
2026.02.13	00:57:55.751		152.771			4
2026.02.13	00:57:56.676	152.673	152.768			6
2026.02.13	00:57:56.987	152.667	152.771			6
2026.02.13	00:57:57.913	152.673	152.768			6
2026.02.13	00:57:58.219	152.667	152.771			6
2026.02.13	00:57:58.528	152.672				2
2026.02.13	00:57:58.837	152.667				2
2026.02.13	00:58:00.087	152.672				2
2026.02.13	00:58:00.399	152.667				2
2026.02.13	00:58:00.707	152.669				2
2026.02.13	00:58:01.014	152.667				2
2026.02.13	00:58:01.317	152.672				2
2026.02.13	00:58:01.618	152.667				2
2026.02.13	00:58:03.766	152.672				2
2026.02.13	00:58:04.068	152.668				2
2026.02.13	00:58:05.924	152.673	152.769			6
2026.02.13	00:58:06.229	152.668	152.771			6
2026.02.13	00:58:06.539	152.672				2
2026.02.13	00:58:06.852	152.668				2
2026.02.13	00:58:09.639	152.671				2
2026.02.13	00:58:09.948	152.668				2
2026.02.13	00:58:11.177	152.672				2
2026.02.13	00:58:11.479	152.668				2
2026.02.13	00:58:11.786	152.671				2
2026.02.13	00:58:12.100	152.668				2
2026.02.13	00:58:14.908	152.669				2
2026.02.13	00:58:15.217	152.668				2
2026.02.13	00:58:15.528	152.669				2
2026.02.13	00:58:15.835	152.668				2
2026.02.13	00:58:16.136	152.669				2
2026.02.13	00:58:16.439	152.668				2
2026.02.13	00:58:17.361	152.669				2
2026.02.13	00:58:18.597		152.769			4
2026.02.13	00:58:19.216	152.672				2
2026.02.13	00:58:19.527	152.669				2
2026.02.13	00:58:19.832	152.671				2
2026.02.13	00:58:20.140	152.669				2
2026.02.13	00:58:21.382	152.673				2
2026.02.13	00:58:23.254	152.669				2
2026.02.13	00:58:24.493	152.673				2
2026.02.13	00:58:28.211		152.767			4
2026.02.13	00:58:29.137	152.669				2
2026.02.13	00:58:31.004		152.768			4
2026.02.13	00:58:33.186	152.674				2
2026.02.13	00:58:41.880	152.679	152.770			6
2026.02.13	00:58:46.968	152.676				2
2026.02.13	00:58:47.279		152.769			4
2026.02.13	00:58:47.596	152.677	152.770			6
2026.02.13	00:58:47.904	152.674				2
2026.02.13	00:58:48.215	152.676	152.769			6
2026.02.13	00:58:48.832	152.677				2
2026.02.13	00:58:49.140	152.675	152.774			6
2026.02.13	00:58:49.452	152.674				2
2026.02.13	00:58:49.757		152.771			4
2026.02.13	00:58:50.071	152.675	152.773			6
2026.02.13	00:58:51.926		152.768			4
2026.02.13	00:58:52.555		152.766			4
2026.02.13	00:58:52.867		152.768			4
2026.02.13	00:58:53.174		152.769			4
2026.02.13	00:58:54.119	152.677	152.768			6
2026.02.13	00:58:54.741		152.767			4
2026.02.13	00:58:55.677	152.678	152.766			6
2026.02.13	00:58:55.988		152.765			4
2026.02.13	00:58:56.305	152.676				2
2026.02.13	00:58:56.607		152.766			4
2026.02.13	00:58:57.225		152.769			4
2026.02.13	00:58:57.533		152.766			4
2026.02.13	00:58:57.853	152.677	152.768			6
2026.02.13	00:58:58.783	152.676	152.769			6
2026.02.13	00:58:59.091		152.770			4
2026.02.13	00:58:59.720	152.678	152.769			6
2026.02.13	00:59:00.026	152.676	152.768			6
2026.02.13	00:59:00.341		152.770			4
2026.02.13	00:59:00.642	152.675	152.769			6
2026.02.13	00:59:00.960	152.676	152.766			6
2026.02.13	00:59:02.821	152.671	152.769			6
2026.02.13	00:59:03.129	152.677	152.767			6
2026.02.13	00:59:03.434	152.678				2
2026.02.13	00:59:03.763	152.679	152.769			6
2026.02.13	00:59:04.072	152.680	152.768			6
2026.02.13	00:59:04.377	152.675	152.769			6
2026.02.13	00:59:04.681	152.673				2
2026.02.13	00:59:04.995	152.675				2
2026.02.13	00:59:05.298	152.676	152.767			6
2026.02.13	00:59:05.644		152.771			4
2026.02.13	00:59:06.262		152.772			4
2026.02.13	00:59:07.495		152.770			4
2026.02.13	00:59:08.114	152.677	152.771			6
2026.02.13	00:59:08.430	152.678	152.770			6
2026.02.13	00:59:08.737		152.771			4
2026.02.13	00:59:09.055	152.677	152.766			6
2026.02.13	00:59:09.377	152.678	152.769			6
2026.02.13	00:59:09.679	152.676	152.767			6
2026.02.13	00:59:09.989		152.768			4
2026.02.13	00:59:10.302		152.769			4
2026.02.13	00:59:10.605		152.767			4
2026.02.13	00:59:10.920	152.677				2
2026.02.13	00:59:11.228	152.676	152.770			6
2026.02.13	00:59:11.534		152.768			4
2026.02.13	00:59:11.849		152.767			4
2026.02.13	00:59:12.153		152.770			4
2026.02.13	00:59:12.460		152.767			4
2026.02.13	00:59:12.775		152.769			4
2026.02.13	00:59:13.394	152.677	152.768			6
2026.02.13	00:59:13.704	152.675				2
2026.02.13	00:59:14.321	152.677	152.765			6
2026.02.13	00:59:15.248	152.675	152.768			6
2026.02.13	00:59:15.567	152.677	152.766			6
2026.02.13	00:59:15.877		152.767			4
2026.02.13	00:59:16.187		152.766			4
2026.02.13	00:59:16.493		152.767			4
2026.02.13	00:59:17.121		152.772			4
2026.02.13	00:59:17.437		152.774			4
2026.02.13	00:59:18.991		152.773			4
2026.02.13	00:59:19.919	152.679	152.771			6
2026.02.13	00:59:30.168	152.674	152.767			6
2026.02.13	00:59:30.485		152.768			4
2026.02.13	00:59:31.106		152.767			4
2026.02.13	00:59:33.900		152.766			4
2026.02.13	00:59:34.825		152.768			4
2026.02.13	00:59:35.761		152.767			4
2026.02.13	00:59:36.069		152.766			4
2026.02.13	00:59:36.379		152.767			4
2026.02.13	00:59:37.628		152.766			4
2026.02.13	00:59:40.428		152.767			4
2026.02.13	00:59:46.945		152.766			4
2026.02.13	00:59:49.439		152.765			4
2026.02.13	00:59:50.368		152.763			4
2026.02.13	00:59:50.674		152.764			4
2026.02.13	00:59:53.472		152.762			4
2026.02.13	00:59:55.657		152.764			4
2026.02.13	01:00:00.003	152.674	152.762			6
2026.02.13	01:00:00.308	152.664	152.756			6
2026.02.13	01:00:00.621		152.749			4
2026.02.13	01:00:01.474	152.669				2
2026.02.13	01:00:02.142	152.666				2
2026.02.13	01:00:03.217	152.675				2
2026.02.13	01:00:03.567	152.654	152.753			6
2026.02.13	01:00:06.373	152.653	152.752			6
2026.02.13	01:00:06.680	152.654	152.753			6
2026.02.13	01:00:07.298	152.678	152.744			6
2026.02.13	01:00:07.999		152.753			4
2026.02.13	01:00:08.612	152.685	152.752			6
2026.02.13	01:00:08.926		152.744			4
2026.02.13	01:00:09.322	152.688	152.741			6
2026.02.13	01:00:10.243	152.691	152.739			6
2026.02.13	01:00:11.278		152.738			4
2026.02.13	01:00:12.324	152.690				2
2026.02.13	01:00:12.930	152.675	152.740			6
2026.02.13	01:00:14.967	152.691	152.744			6
2026.02.13	01:00:15.727		152.740			4
2026.02.13	01:00:16.167		152.734			4
2026.02.13	01:00:16.772		152.740			4
2026.02.13	01:00:17.153		152.734			4
2026.02.13	01:00:18.345	152.692	152.733			6
2026.02.13	01:00:23.715		152.732			4
2026.02.13	01:00:26.527		152.733			4
2026.02.13	01:00:29.945	152.685	152.722			6
2026.02.13	01:00:30.380	152.693	152.707			6
2026.02.13	01:00:30.700	152.691	152.709			6
2026.02.13	01:00:31.634	152.697				2
2026.02.13	01:00:32.104	152.704	152.721			6
2026.02.13	01:00:32.419	152.728	152.734			6
2026.02.13	01:00:32.721	152.718	152.735			6
2026.02.13	01:00:33.055	152.721				2
2026.02.13	01:00:33.375	152.724	152.736			6
2026.02.13	01:00:33.842	152.730				2
2026.02.13	01:00:34.356	152.731				2
2026.02.13	01:00:34.837	152.733	152.745			6
2026.02.13	01:00:39.644	152.734				2
2026.02.13	01:00:39.957		152.746			4
2026.02.13	01:00:41.377	152.728				2
2026.02.13	01:00:41.747	152.727	152.733			6
2026.02.13	01:00:42.367	152.730	152.735			6
2026.02.13	01:00:42.674	152.728	152.732			6
2026.02.13	01:00:44.215		152.731			4
2026.02.13	01:00:45.131	152.733	152.734			6
2026.02.13	01:00:45.744	152.734	152.735			6
2026.02.13	01:00:46.354	152.737	152.739			6
2026.02.13	01:00:47.266	152.738	152.740			6
2026.02.13	01:00:49.122		152.739			4
2026.02.13	01:00:49.728		152.740			4
2026.02.13	01:00:50.336	152.743	152.744			6
2026.02.13	01:00:50.640	152.745	152.746			6
2026.02.13	01:00:50.947	152.747	152.748			6
2026.02.13	01:00:51.859		152.749			4
2026.02.13	01:00:52.166	152.748				2
2026.02.13	01:00:53.094	152.747	152.748			6
2026.02.13	01:00:53.402	152.748	152.749			6
2026.02.13	01:00:54.028	152.726	152.727			6
2026.02.13	01:00:54.338	152.712	152.732			6
2026.02.13	01:00:56.974	152.705	152.721			6
2026.02.13	01:00:57.280	152.713	152.732			6
2026.02.13	01:00:58.411		152.731			4
2026.02.13	01:00:58.845	152.714				2
2026.02.13	01:01:00.308	152.717	152.723			6
2026.02.13	01:01:01.225		152.722			4
2026.02.13	01:01:02.151	152.718				2
2026.02.13	01:01:03.376	152.719	152.723			6
2026.02.13	01:01:03.686	152.718	152.722			6
2026.02.13	01:01:04.300	152.719				2
2026.02.13	01:01:05.229	152.720				2
2026.02.13	01:01:06.461	152.719	152.721			6
2026.02.13	01:01:07.079	152.720	152.722			6
2026.02.13	01:01:07.382		152.721			4
2026.02.13	01:01:18.386	152.719	152.720			6
2026.02.13	01:01:20.849	152.720	152.721			6
2026.02.13	01:01:24.543	152.719	152.720			6
2026.02.13	01:01:28.243	152.720	152.721			6
2026.02.13	01:01:33.160	152.719	152.720			6
2026.02.13	01:01:35.314	152.720	152.721			6
2026.02.13	01:01:38.389	152.719	152.720			6
2026.02.13	01:01:38.692	152.721	152.722			6
2026.02.13	01:01:43.593	152.722	152.723			6
2026.02.13	01:01:51.570	152.723	152.724			6
2026.02.13	01:02:00.175	152.722	152.723			6
2026.02.13	01:02:09.101	152.719	152.720			6
2026.02.13	01:02:30.004	152.720	152.721			6
2026.02.13	01:02:42.304	152.719	152.720			6
2026.02.13	01:02:46.298	152.720	152.721			6
2026.02.13	01:02:53.362	152.719	152.720			6
2026.02.13	01:02:54.587	152.722	152.723			6
2026.02.13	01:03:00.115	152.724	152.725			6
2026.02.13	01:03:01.335	152.723	152.724			6
2026.02.13	01:03:02.247	152.725	152.726			6
2026.02.13	01:03:04.087	152.724	152.725			6
2026.02.13	01:03:04.703	152.729	152.730			6
2026.02.13	01:03:06.251	152.742	152.747			6
2026.02.13	01:03:06.554		152.748			4
2026.02.13	01:03:07.165	152.743	152.750			6
2026.02.13	01:03:08.423	152.744				2
2026.02.13	01:03:12.176		152.749			4
2026.02.13	01:03:12.780		152.750			4
2026.02.13	01:03:14.032		152.753			4
2026.02.13	01:03:14.341		152.752			4
2026.02.13	01:03:15.285		152.749			4
2026.02.13	01:03:18.352		152.748			4
2026.02.13	01:03:20.190	152.745				2
2026.02.13	01:03:22.331		152.747			4
2026.02.13	01:03:24.170	152.746				2
2026.02.13	01:03:37.705	152.745	152.746			6
2026.02.13	01:03:38.314	152.746	152.747			6
2026.02.13	01:03:39.234	152.745	152.746			6
2026.02.13	01:03:39.846	152.741	152.742			6
2026.02.13	01:03:40.153	152.740	152.741			6
2026.02.13	01:03:41.072	152.738	152.739			6
2026.02.13	01:03:41.374		152.740			4
2026.02.13	01:03:42.301		152.739			4
2026.02.13	01:04:00.112	152.738				2
2026.02.13	01:04:03.485	152.739	152.740			6
2026.02.13	01:04:24.022	152.740	152.741			6
2026.02.13	01:04:31.707	152.739	152.740			6
2026.02.13	01:04:35.391	152.741	152.742			6
2026.02.13	01:04:35.699	152.740	152.741			6
2026.02.13	01:04:49.254	152.739	152.740			6
2026.02.13	01:04:56.602	152.738	152.739			6
2026.02.13	01:04:57.523	152.739	152.740			6
2026.02.13	01:05:00.285	152.739				2
2026.02.13	01:05:00.594		152.742			4
2026.02.13	01:05:01.213		152.743			4
2026.02.13	01:05:02.758		152.740			4
2026.02.13	01:05:03.060	152.738	152.739			6
2026.02.13	01:05:04.890	152.739	152.740			6
2026.02.13	01:05:22.109	152.735	152.736			6
2026.02.13	01:05:23.338	152.733	152.739			6
2026.02.13	01:05:23.966		152.738			4
2026.02.13	01:05:28.334	152.734				2
2026.02.13	01:05:29.900	152.738	152.741			6
2026.02.13	01:05:30.205	152.739	152.742			6
2026.02.13	01:05:30.830	152.740				2
2026.02.13	01:05:31.146		152.745			4
2026.02.13	01:05:32.390		152.744			4
2026.02.13	01:05:33.003	152.741				2
2026.02.13	01:05:34.244		152.747			4
2026.02.13	01:05:35.468		152.744			4
2026.02.13	01:05:36.406		152.747			4
2026.02.13	01:05:37.345		152.746			4
2026.02.13	01:05:37.656		152.743			4
2026.02.13	01:05:41.086		152.742			4
2026.02.13	01:05:43.569		152.743			4
2026.02.13	01:05:46.389		152.742			4
2026.02.13	01:05:48.234		152.743			4
2026.02.13	01:05:51.083		152.746			4
2026.02.13	01:05:51.403		152.747			4
2026.02.13	01:05:52.350		152.744			4
2026.02.13	01:05:52.670		152.745			4
2026.02.13	01:05:52.990		152.748			4
2026.02.13	01:05:53.410		152.747			4
2026.02.13	01:05:54.335		152.744			4
2026.02.13	01:05:56.201		152.742			4
2026.02.13	01:05:59.031	152.739				2
2026.02.13	01:06:00.291	152.739				2
2026.02.13	01:06:01.216	152.740				2
2026.02.13	01:06:02.141		152.741			4
2026.02.13	01:06:03.371	152.741	152.742			6
2026.02.13	01:06:06.151	152.740	152.741			6
2026.02.13	01:06:06.456	152.741	152.742			6
2026.02.13	01:06:16.251	152.751	152.752			6
2026.02.13	01:06:16.558	152.763	152.764			6
2026.02.13	01:06:16.863	152.762	152.763			6
2026.02.13	01:06:17.170		152.766			4
2026.02.13	01:06:17.782		152.767			4
2026.02.13	01:06:18.728		152.768			4
2026.02.13	01:06:19.359		152.767			4
2026.02.13	01:06:19.681		152.769			4
2026.02.13	01:06:20.306		152.770			4
2026.02.13	01:06:21.174		152.767			4
2026.02.13	01:06:23.340		152.766			4
2026.02.13	01:06:26.181	152.778	152.781			6
2026.02.13	01:06:26.805		152.782			4
2026.02.13	01:06:27.110		152.784			4
2026.02.13	01:06:27.430		152.785			4
2026.02.13	01:06:29.000		152.784			4
2026.02.13	01:06:32.125	152.779				2
2026.02.13	01:06:34.294	152.780				2
2026.02.13	01:06:36.182		152.783			4
2026.02.13	01:06:38.331	152.781				2
2026.02.13	01:06:38.640	152.780	152.782			6
2026.02.13	01:06:40.163	152.781				2
2026.02.13	01:06:43.233	152.782	152.783			6
2026.02.13	01:06:44.156	152.781	152.782			6
2026.02.13	01:06:46.313	152.780	152.781			6
2026.02.13	01:06:47.229	152.781	152.782			6
2026.02.13	01:06:54.285	152.778	152.779			6
2026.02.13	01:06:54.589	152.780	152.781			6
2026.02.13	01:07:00.098	152.780				2
2026.02.13	01:07:05.308	152.782	152.783			6
2026.02.13	01:07:05.619	152.785	152.786			6
2026.02.13	01:07:06.543	152.786	152.787			6
2026.02.13	01:07:19.783	152.783	152.784			6
2026.02.13	01:07:20.094	152.781	152.782			6
2026.02.13	01:07:20.709	152.782	152.783			6
2026.02.13	01:07:25.322	152.781	152.782			6
2026.02.13	01:07:35.171	152.777	152.778			6
2026.02.13	01:07:35.475	152.776	152.777			6
2026.02.13	01:07:35.777	152.775	152.776			6
2026.02.13	01:07:43.170	152.769	152.770			6
2026.02.13	01:07:43.479	152.774	152.775			6
2026.02.13	01:07:46.248	152.763	152.769			6
2026.02.13	01:07:46.873	152.773	152.774			6
2026.02.13	01:07:47.180		152.779			4
2026.02.13	01:07:50.282		152.778			4
2026.02.13	01:07:50.906		152.777			4
2026.02.13	01:07:53.115		152.776			4
2026.02.13	01:07:56.260		152.775			4
2026.02.13	01:07:59.367	152.774				2
2026.02.13	01:08:00.290	152.774				2
2026.02.13	01:08:00.597	152.773	152.774			6
2026.02.13	01:08:01.521	152.774	152.775			6
2026.02.13	01:08:04.901	152.775	152.776			6
2026.02.13	01:08:05.512	152.774	152.775			6
2026.02.13	01:08:06.127	152.775	152.776			6
2026.02.13	01:08:18.067	152.774	152.775			6
2026.02.13	01:08:19.301	152.775	152.776			6
2026.02.13	01:08:25.746	152.774	152.775			6
2026.02.13	01:08:44.809	152.768	152.769			6
2026.02.13	01:08:45.113	152.765	152.766			6
2026.02.13	01:08:46.345	152.775	152.779			6
2026.02.13	01:08:46.653	152.774	152.780			6
2026.02.13	01:08:47.275	152.779				2
2026.02.13	01:08:47.593	152.780	152.781			6
2026.02.13	01:08:48.843	152.781	152.782			6
2026.02.13	01:08:49.792	152.780	152.781			6
2026.02.13	01:08:50.431	152.779	152.780			6
2026.02.13	01:08:51.066	152.780	152.781			6
2026.02.13	01:08:53.258	152.779	152.780			6
2026.02.13	01:08:54.506	152.778	152.779			6
2026.02.13	01:08:54.807	152.777	152.778			6
2026.02.13	01:08:57.603	152.785	152.787			6
2026.02.13	01:08:57.918		152.788			4
2026.02.13	01:08:58.221	152.786				2
2026.02.13	01:08:58.843	152.788	152.789			6
2026.02.13	01:08:59.145		152.790			4
2026.02.13	01:09:00.084	152.789				2
2026.02.13	01:09:08.199	152.788	152.789			6
2026.02.13	01:09:09.438	152.789	152.790			6
2026.02.13	01:09:10.350		152.791			4
2026.02.13	01:09:10.664	152.790				2
2026.02.13	01:09:10.971	152.791	152.792			6
2026.02.13	01:09:11.280	152.795	152.796			6
2026.02.13	01:09:11.585	152.798	152.799			6
2026.02.13	01:09:12.188	152.799	152.800			6
2026.02.13	01:09:13.414	152.800	152.801			6
2026.02.13	01:09:18.039	152.799	152.800			6
2026.02.13	01:09:20.799	152.800	152.801			6
2026.02.13	01:09:21.712	152.799	152.800			6
2026.02.13	01:09:22.323	152.800	152.801			6
2026.02.13	01:09:25.102	152.801	152.802			6
2026.02.13	01:09:25.721	152.800	152.801			6
2026.02.13	01:09:26.958	152.801	152.802			6
2026.02.13	01:09:27.573	152.806	152.807			6
2026.02.13	01:09:27.875	152.807	152.808			6
2026.02.13	01:09:28.184	152.802	152.803			6
2026.02.13	01:09:29.096	152.801	152.802			6
2026.02.13	01:09:34.014	152.798	152.799			6
2026.02.13	01:09:34.318	152.792	152.793			6
2026.02.13	01:09:35.243	152.791	152.794			6
2026.02.13	01:09:36.184		152.793			4
2026.02.13	01:09:38.349		152.792			4
2026.02.13	01:09:38.962	152.790	152.791			6
2026.02.13	01:09:43.873	152.792	152.793			6
2026.02.13	01:09:44.494	152.790	152.791			6
2026.02.13	01:09:51.536	152.792	152.793			6
2026.02.13	01:09:52.155	152.790	152.791			6
2026.02.13	01:09:53.698	152.789	152.790			6
2026.02.13	01:10:00.133	152.791	152.792			6
2026.02.13	01:10:00.441	152.795	152.796			6
2026.02.13	01:10:06.891	152.791	152.792			6
2026.02.13	01:10:09.972	152.790	152.791			6
2026.02.13	01:10:12.725	152.792	152.793			6
2026.02.13	01:10:13.341	152.791	152.792			6
2026.02.13	01:10:14.873	152.792	152.793			6
2026.02.13	01:10:15.186	152.793	152.794			6
2026.02.13	01:10:16.103	152.794	152.795			6
2026.02.13	01:10:43.222	152.793	152.794			6
2026.02.13	01:10:44.639	152.792	152.793			6
2026.02.13	01:10:45.279	152.791	152.792			6
2026.02.13	01:10:45.582	152.790	152.791			6
2026.02.13	01:10:46.836	152.791	152.792			6
2026.02.13	01:10:48.257		152.793			4
2026.02.13	01:10:48.683	152.793	152.794			6
2026.02.13	01:10:49.000	152.800	152.802			6
2026.02.13	01:10:49.305		152.801			4
2026.02.13	01:10:49.620	152.801	152.802			6
2026.02.13	01:10:49.925		152.803			4
2026.02.13	01:10:50.259	152.797	152.804			6
2026.02.13	01:10:51.291	152.801				2
2026.02.13	01:10:52.375	152.802				2
2026.02.13	01:10:52.841	152.801				2
2026.02.13	01:10:55.998		152.805			4
2026.02.13	01:10:57.206		152.804			4
2026.02.13	01:10:57.832	152.802				2
2026.02.13	01:10:59.085	152.801				2
2026.02.13	01:10:59.394		152.803			4
2026.02.13	01:11:00.028	152.801				2
2026.02.13	01:11:02.185		152.802			4
2026.02.13	01:11:02.505		152.803			4
2026.02.13	01:11:03.121		152.802			4
2026.02.13	01:11:04.664	152.802	152.803			6
2026.02.13	01:11:05.276	152.801	152.802			6
2026.02.13	01:11:13.580	152.802	152.803			6
2026.02.13	01:11:23.404	152.803	152.804			6
2026.02.13	01:11:24.017	152.802	152.803			6
2026.02.13	01:11:26.454	152.803	152.804			6
2026.02.13	01:11:26.762	152.804	152.805			6
2026.02.13	01:11:27.672	152.808	152.809			6
2026.02.13	01:11:27.975	152.809	152.810			6
2026.02.13	01:11:28.279	152.808	152.815			6
2026.02.13	01:11:29.200	152.811				2
2026.02.13	01:11:32.311		152.814			4
2026.02.13	01:11:32.629		152.815			4
2026.02.13	01:11:32.936		152.814			4
2026.02.13	01:11:34.181		152.815			4
2026.02.13	01:11:35.123		152.814			4
2026.02.13	01:11:37.291		152.813			4
2026.02.13	01:11:39.157		152.812			4
2026.02.13	01:11:42.254	152.809	152.810			6
2026.02.13	01:11:43.167	152.810	152.812			6
2026.02.13	01:11:43.468		152.813			4
2026.02.13	01:11:44.393		152.814			4
2026.02.13	01:11:45.334		152.813			4
2026.02.13	01:11:48.137		152.812			4
2026.02.13	01:11:49.368	152.811				2
2026.02.13	01:11:56.110	152.812	152.813			6
2026.02.13	01:11:57.333	152.811	152.812			6
2026.02.13	01:12:00.090	152.811				2
2026.02.13	01:12:02.842	152.812	152.813			6
2026.02.13	01:12:03.150	152.811	152.812			6
2026.02.13	01:12:03.455	152.812	152.813			6
2026.02.13	01:12:04.380	152.811	152.812			6
2026.02.13	01:12:05.906	152.812	152.813			6
2026.02.13	01:12:19.432	152.816	152.817			6
2026.02.13	01:12:19.740	152.823	152.824			6
2026.02.13	01:12:20.358		152.827			4
2026.02.13	01:12:27.145		152.826			4
2026.02.13	01:12:31.159		152.825			4
2026.02.13	01:12:33.321		152.824			4
2026.02.13	01:12:46.505	152.824	152.825			6
2026.02.13	01:12:47.122	152.825	152.826			6
2026.02.13	01:12:50.199	152.826	152.827			6
2026.02.13	01:12:50.500	152.825	152.826			6
2026.02.13	01:12:57.565	152.835	152.836			6
2026.02.13	01:12:57.870	152.836	152.837			6
2026.02.13	01:12:58.183	152.835	152.841			6
2026.02.13	01:12:58.494	152.834	152.840			6
2026.02.13	01:12:59.737		152.839			4
2026.02.13	01:13:00.045	152.834				2
2026.02.13	01:13:03.437	152.823	152.831			6
2026.02.13	01:13:03.751	152.822	152.830			6
2026.02.13	01:13:04.360		152.831			4
2026.02.13	01:13:04.777		152.829			4
2026.02.13	01:13:08.177		152.828			4
2026.02.13	01:13:11.263		152.827			4
2026.02.13	01:13:12.196	152.823				2
2026.02.13	01:13:14.349		152.826			4
2026.02.13	01:13:14.661	152.826	152.829			6
2026.02.13	01:13:15.279	152.824	152.826			6
2026.02.13	01:13:16.204		152.825			4
2026.02.13	01:13:23.243	152.825	152.826			6
2026.02.13	01:13:24.477	152.824	152.825			6
2026.02.13	01:13:26.307	152.822	152.823			6
2026.02.13	01:13:26.610	152.821	152.822			6
2026.02.13	01:13:27.220	152.820	152.821			6
2026.02.13	01:13:27.525	152.821	152.822			6
2026.02.13	01:13:31.204	152.820	152.821			6
2026.02.13	01:13:39.774	152.816	152.817			6
2026.02.13	01:13:40.086	152.815	152.816			6
2026.02.13	01:13:40.391	152.814	152.815			6
2026.02.13	01:13:41.304	152.815	152.816			6
2026.02.13	01:13:43.444	152.814	152.815			6
2026.02.13	01:13:44.670	152.813	152.814			6
2026.02.13	01:13:48.032	152.814	152.815			6
2026.02.13	01:13:48.644	152.815	152.816			6
2026.02.13	01:13:50.181	152.814	152.815			6
2026.02.13	01:13:51.103	152.815	152.816			6
2026.02.13	01:13:55.991	152.814	152.815			6
2026.02.13	01:14:00.283	152.815	152.816			6
2026.02.13	01:14:00.587	152.814	152.815			6
2026.02.13	01:14:03.956	152.815	152.816			6
2026.02.13	01:14:05.186	152.814	152.815			6
2026.02.13	01:14:28.479	152.813	152.814			6
2026.02.13	01:14:28.786	152.814	152.815			6
2026.02.13	01:14:29.403	152.813	152.814			6
2026.02.13	01:14:30.015	152.817	152.818			6
2026.02.13	01:14:30.942	152.814	152.815			6
2026.02.13	01:14:36.493		152.818			4
2026.02.13	01:14:37.436		152.815			4
2026.02.13	01:14:38.678		152.818			4
2026.02.13	01:14:39.303		152.815			4
2026.02.13	01:14:51.772	152.813	152.814			6
2026.02.13	01:14:55.849	152.814	152.815			6
2026.02.13	01:14:56.466	152.804	152.805			6
2026.02.13	01:14:56.777	152.803	152.804			6
2026.02.13	01:14:57.089	152.802	152.805			6
2026.02.13	01:14:57.411	152.801	152.804			6
2026.02.13	01:14:58.347	152.800	152.807			6
2026.02.13	01:15:00.240	152.800	152.806			6
2026.02.13	01:15:01.182	152.799	152.805			6
2026.02.13	01:15:01.489		152.806			4
2026.02.13	01:15:01.805	152.797	152.798			6
2026.02.13	01:15:02.109	152.788	152.796			6
2026.02.13	01:15:02.421	152.787	152.795			6
2026.02.13	01:15:03.368	152.786	152.794			6
2026.02.13	01:15:04.106	152.787				2
2026.02.13	01:15:05.339	152.788	152.795			6
2026.02.13	01:15:09.370		152.794			4
2026.02.13	01:15:11.254		152.793			4
2026.02.13	01:15:13.127	152.789				2
2026.02.13	01:15:15.354		152.792			4
2026.02.13	01:15:16.276		152.791			4
2026.02.13	01:15:18.116		152.790			4
2026.02.13	01:15:18.734	152.790	152.791			6
2026.02.13	01:15:19.349	152.789	152.790			6
2026.02.13	01:15:30.379	152.790	152.791			6
2026.02.13	01:15:30.685	152.791	152.792			6
2026.02.13	01:15:31.922	152.798	152.799			6
2026.02.13	01:15:33.152	152.796	152.801			6
2026.02.13	01:15:33.780	152.797	152.802			6
2026.02.13	01:15:34.086	152.798	152.803			6
2026.02.13	01:15:35.323		152.802			4
2026.02.13	01:15:36.272	152.799				2
2026.02.13	01:15:38.139		152.801			4
2026.02.13	01:15:39.380	152.800				2
2026.02.13	01:15:57.467	152.798	152.799			6
2026.02.13	01:15:59.007	152.799	152.800			6
2026.02.13	01:15:59.315	152.800	152.801			6
2026.02.13	01:16:00.228	152.800				2
2026.02.13	01:16:22.633	152.801	152.802			6
2026.02.13	01:16:37.945	152.799	152.800			6
2026.02.13	01:16:38.251	152.793	152.794			6
2026.02.13	01:16:39.178	152.792	152.798			6
2026.02.13	01:16:39.495		152.797			4
2026.02.13	01:16:40.739	152.791	152.796			6
2026.02.13	01:16:42.282	152.789				2
2026.02.13	01:16:43.203		152.795			4
2026.02.13	01:16:46.318		152.794			4
2026.02.13	01:16:48.171	152.797	152.802			6
2026.02.13	01:16:48.796	152.798	152.803			6
2026.02.13	01:16:49.103	152.796	152.805			6
2026.02.13	01:16:53.147	152.797				2
2026.02.13	01:16:54.390		152.804			4
2026.02.13	01:16:54.709	152.796	152.803			6
2026.02.13	01:16:56.257	152.799	152.805			6
2026.02.13	01:16:56.878	152.796	152.802			6
2026.02.13	01:16:57.194	152.797				2
2026.02.13	01:16:58.121		152.801			4
2026.02.13	01:16:58.744	152.799	152.803			6
2026.02.13	01:17:00.292	152.800				2
2026.02.13	01:17:00.610	152.802	152.805			6
2026.02.13	01:17:01.232		152.804			4
2026.02.13	01:17:01.537	152.800	152.802			6
2026.02.13	01:17:02.152	152.801				2
2026.02.13	01:17:07.071		152.804			4
2026.02.13	01:17:07.692		152.805			4
2026.02.13	01:17:08.922		152.802			4
2026.02.13	01:17:09.541		152.803			4
2026.02.13	01:17:10.764		152.802			4
2026.02.13	01:17:43.914	152.802	152.803			6
2026.02.13	01:17:54.656	152.803	152.804			6
2026.02.13	01:17:54.961	152.802	152.803			6
2026.02.13	01:17:57.410	152.801	152.802			6
2026.02.13	01:17:59.553	152.800	152.801			6
2026.02.13	01:18:00.174	152.801	152.802			6
2026.02.13	01:18:00.478	152.800	152.801			6
2026.02.13	01:18:10.623	152.801	152.802			6
2026.02.13	01:18:13.388	152.803	152.804			6
2026.02.13	01:18:13.691	152.807	152.808			6
2026.02.13	01:18:13.993	152.802	152.803			6
2026.02.13	01:18:14.299	152.801	152.805			6
2026.02.13	01:18:15.256		152.806			4
2026.02.13	01:18:17.120	152.799	152.805			6
2026.02.13	01:18:24.253	152.800	152.804			6
2026.02.13	01:18:24.871		152.805			4
2026.02.13	01:18:25.489	152.801				2
2026.02.13	01:18:26.100		152.804			4
2026.02.13	01:18:27.357		152.803			4
2026.02.13	01:18:31.369		152.802			4
2026.02.13	01:18:36.885	152.803	152.804			6
2026.02.13	01:18:37.805	152.802	152.803			6
2026.02.13	01:18:38.107		152.804			4
2026.02.13	01:18:39.356		152.803			4
2026.02.13	01:18:47.333	152.803	152.804			6
2026.02.13	01:18:47.942	152.802	152.803			6
2026.02.13	01:18:50.696	152.803	152.804			6
2026.02.13	01:18:51.611	152.802	152.803			6
2026.02.13	01:18:55.916	152.803	152.804			6
2026.02.13	01:18:56.833	152.802	152.803			6
2026.02.13	01:18:58.686	152.803	152.804			6
2026.02.13	01:18:58.992	152.802	152.803			6
2026.02.13	01:19:00.224	152.802				2
2026.02.13	01:19:00.840	152.801	152.802			6
2026.02.13	01:19:05.749	152.802	152.803			6
2026.02.13	01:19:06.672	152.801	152.802			6
2026.02.13	01:19:06.976	152.802	152.803			6
2026.02.13	01:19:07.598	152.801	152.802			6
2026.02.13	01:19:07.901	152.802	152.803			6
2026.02.13	01:19:09.441	152.807	152.808			6
2026.02.13	01:19:09.748	152.809	152.810			6
2026.02.13	01:19:10.966	152.819	152.820			6
2026.02.13	01:19:11.271		152.826			4
2026.02.13	01:19:11.573	152.821				2
2026.02.13	01:19:12.519	152.818	152.825			6
2026.02.13	01:19:13.143	152.822	152.827			6
2026.02.13	01:19:13.465		152.828			4
2026.02.13	01:19:14.144	152.823	152.829			6
2026.02.13	01:19:16.930		152.828			4
2026.02.13	01:19:18.165		152.827			4
2026.02.13	01:19:21.291		152.826			4
2026.02.13	01:19:21.594	152.822				2
2026.02.13	01:19:21.912	152.821				2
2026.02.13	01:19:22.219	152.822	152.827			6
2026.02.13	01:19:23.158	152.823				2
2026.02.13	01:19:23.783	152.804	152.806			6
2026.02.13	01:19:24.095	152.801	152.805			6
2026.02.13	01:19:24.723	152.805	152.807			6
2026.02.13	01:19:25.028		152.809			4
2026.02.13	01:19:25.346		152.811			4
2026.02.13	01:19:29.081	152.806	152.812			6
2026.02.13	01:19:29.399		152.811			4
2026.02.13	01:19:32.208		152.810			4
2026.02.13	01:19:35.330		152.809			4
2026.02.13	01:19:36.902	152.805				2
2026.02.13	01:19:37.209	152.806				2
2026.02.13	01:19:38.149		152.808			4
2026.02.13	01:19:38.767	152.805	152.807			6
2026.02.13	01:19:39.990	152.804	152.806			6
2026.02.13	01:19:40.294	152.805				2
2026.02.13	01:19:56.858	152.804	152.805			6
2026.02.13	01:19:57.161	152.800	152.801			6
2026.02.13	01:20:00.251	152.799	152.800			6
2026.02.13	01:20:01.474	152.800	152.801			6
2026.02.13	01:20:04.849	152.801	152.802			6
2026.02.13	01:20:07.921	152.806	152.807			6
2026.02.13	01:20:08.230	152.807	152.808			6
2026.02.13	01:20:10.996	152.806	152.807			6
2026.02.13	01:20:11.918	152.807	152.808			6
2026.02.13	01:20:17.400	152.808	152.809			6
2026.02.13	01:20:18.004	152.811	152.812			6
2026.02.13	01:20:18.306	152.813	152.814			6
2026.02.13	01:20:20.450	152.812	152.813			6
2026.02.13	01:20:20.754	152.811	152.812			6
2026.02.13	01:20:21.988	152.812	152.813			6
2026.02.13	01:20:22.901	152.811	152.812			6
2026.02.13	01:20:33.029	152.812	152.813			6
2026.02.13	01:20:35.792	152.813	152.814			6
2026.02.13	01:20:47.144	152.811	152.812			6
2026.02.13	01:20:47.759	152.810	152.811			6
2026.02.13	01:20:55.439	152.812	152.813			6
2026.02.13	01:20:57.285	152.813	152.814			6
2026.02.13	01:21:00.049	152.813				2
2026.02.13	01:21:09.893	152.811	152.812			6
2026.02.13	01:21:10.197	152.810	152.811			6
2026.02.13	01:21:24.305	152.811	152.812			6
2026.02.13	01:21:34.442	152.810	152.811			6
2026.02.13	01:21:36.616	152.799	152.800			6
2026.02.13	01:21:37.242	152.797	152.804			6
2026.02.13	01:21:38.895	152.805	152.809			6
2026.02.13	01:21:39.199		152.811			4
2026.02.13	01:21:41.193	152.807	152.813			6
2026.02.13	01:21:41.500	152.808	152.814			6
2026.02.13	01:21:46.406		152.813			4
2026.02.13	01:21:48.258		152.812			4
2026.02.13	01:21:49.499	152.809	152.814			6
2026.02.13	01:21:50.107		152.813			4
2026.02.13	01:21:52.309	152.810				2
2026.02.13	01:21:52.928	152.809	152.812			6
2026.02.13	01:21:53.234		152.811			4
2026.02.13	01:21:53.851	152.810	152.812			6
2026.02.13	01:21:54.762	152.809	152.811			6
2026.02.13	01:21:55.379	152.810				2
2026.02.13	01:21:57.526	152.811	152.812			6
2026.02.13	01:22:00.279	152.811				2
2026.02.13	01:22:05.178	152.810	152.811			6
2026.02.13	01:22:08.248	152.809	152.810			6
2026.02.13	01:22:13.465	152.799	152.800			6
2026.02.13	01:22:13.774	152.798	152.799			6
2026.02.13	01:22:14.385		152.803			4
2026.02.13	01:22:15.934	152.797				2
2026.02.13	01:22:18.399	152.798	152.804			6
2026.02.13	01:22:21.176		152.803			4
2026.02.13	01:22:21.803	152.797	152.802			6
2026.02.13	01:22:22.123		152.801			4
2026.02.13	01:22:24.290		152.800			4
2026.02.13	01:22:25.227		152.799			4
2026.02.13	01:22:25.533	152.798	152.800			6
2026.02.13	01:22:26.147		152.799			4
2026.02.13	01:22:31.068	152.800	152.801			6
2026.02.13	01:22:31.685	152.799	152.800			6
2026.02.13	01:22:33.211	152.800	152.801			6
2026.02.13	01:22:34.747	152.801	152.802			6
2026.02.13	01:22:35.977	152.800	152.801			6
2026.02.13	01:22:36.893	152.799	152.800			6
2026.02.13	01:22:38.121	152.798	152.799			6
2026.02.13	01:22:41.496	152.800	152.801			6
2026.02.13	01:22:42.107	152.801	152.802			6
2026.02.13	01:22:42.419	152.800	152.801			6
2026.02.13	01:22:42.727	152.801	152.802			6
2026.02.13	01:22:43.337	152.803	152.804			6
2026.02.13	01:22:43.638	152.806	152.807			6
2026.02.13	01:22:44.255	152.805	152.808			6
2026.02.13	01:22:45.196		152.807			4
2026.02.13	01:22:45.816	152.809	152.811			6
2026.02.13	01:22:46.124	152.810				2
2026.02.13	01:22:49.511	152.809	152.810			6
2026.02.13	01:23:00.252	152.809				2
2026.02.13	01:23:01.176	152.810	152.811			6
2026.02.13	01:23:09.179	152.811	152.812			6
2026.02.13	01:23:11.632	152.810	152.811			6
2026.02.13	01:23:25.432	152.811	152.812			6
2026.02.13	01:23:25.739	152.810	152.811			6
2026.02.13	01:23:29.123	152.809	152.810			6
2026.02.13	01:23:34.644	152.810	152.811			6
2026.02.13	01:23:38.632	152.811	152.812			6
2026.02.13	01:24:00.138	152.811				2
2026.02.13	01:24:16.585	152.812	152.813			6
2026.02.13	01:24:16.888	152.811	152.812			6
2026.02.13	01:24:17.818	152.810	152.811			6
2026.02.13	01:24:18.746	152.811	152.812			6
2026.02.13	01:24:19.355	152.810	152.813			6
2026.02.13	01:24:21.222	152.811				2
2026.02.13	01:24:21.849	152.810	152.812			6
2026.02.13	01:24:23.107	152.811				2
2026.02.13	01:24:29.299	152.812	152.813			6
2026.02.13	01:24:29.610	152.811	152.812			6
2026.02.13	01:24:30.220	152.810				2
2026.02.13	01:24:33.321	152.811				2
2026.02.13	01:24:37.652	152.812	152.813			6
2026.02.13	01:24:39.213	152.811	152.815			6
2026.02.13	01:24:40.160		152.814			4
2026.02.13	01:24:42.341	152.812				2
2026.02.13	01:24:44.206		152.813			4
2026.02.13	01:24:46.380	152.813	152.814			6
2026.02.13	01:25:00.069	152.813				2
2026.02.13	01:25:00.382	152.824	152.825			6
2026.02.13	01:25:01.303	152.821	152.827			6
2026.02.13	01:25:01.972	152.822				2
2026.02.13	01:25:02.371	152.823				2
2026.02.13	01:25:02.744	152.821				2
2026.02.13	01:25:06.359	152.820	152.826			6
2026.02.13	01:25:10.401		152.825			4
2026.02.13	01:25:10.707	152.818	152.824			6
2026.02.13	01:25:11.013	152.819				2
2026.02.13	01:25:12.251		152.823			4
2026.02.13	01:25:12.567	152.820	152.824			6
2026.02.13	01:25:14.127		152.823			4
2026.02.13	01:25:14.433	152.819				2
2026.02.13	01:25:16.286		152.822			4
2026.02.13	01:25:17.228	152.820				2
2026.02.13	01:25:17.540	152.821	152.823			6
2026.02.13	01:25:20.338	152.822				2
2026.02.13	01:25:50.078	152.823	152.824			6
2026.02.13	01:25:56.806	152.824	152.825			6
2026.02.13	01:25:59.249	152.825	152.826			6
2026.02.13	01:26:00.160	152.825				2
2026.02.13	01:26:07.239	152.835	152.836			6
2026.02.13	01:26:07.544	152.837	152.838			6
2026.02.13	01:26:08.159	152.833	152.840			6
2026.02.13	01:26:09.073	152.837	152.843			6
2026.02.13	01:26:09.379	152.839	152.845			6
2026.02.13	01:26:09.680	152.840				2
2026.02.13	01:26:10.967	152.841				2
2026.02.13	01:26:11.284	152.840				2
2026.02.13	01:26:11.626	152.841	152.846			6
2026.02.13	01:26:12.059	152.842				2
2026.02.13	01:26:15.000	152.843				2
2026.02.13	01:26:15.312	152.842				2
2026.02.13	01:26:16.236	152.843	152.845			6
2026.02.13	01:26:16.858	152.840				2
2026.02.13	01:26:19.017	152.841				2
2026.02.13	01:26:19.327	152.840	152.844			6
2026.02.13	01:26:20.874	152.841				2
2026.02.13	01:26:21.181	152.840	152.843			6
2026.02.13	01:26:21.500	152.841	152.844			6
2026.02.13	01:26:23.362	152.842				2
2026.02.13	01:26:24.898	152.841	152.843			6
2026.02.13	01:26:25.207	152.843	152.844			6
2026.02.13	01:26:25.514	152.845	152.846			6
2026.02.13	01:26:26.139	152.844	152.848			6
2026.02.13	01:26:27.375		152.847			4
2026.02.13	01:26:29.232	152.845				2
2026.02.13	01:26:30.154		152.846			4
2026.02.13	01:26:32.612	152.846	152.847			6
2026.02.13	01:26:38.162	152.844	152.845			6
2026.02.13	01:26:39.389	152.843	152.844			6
2026.02.13	01:26:40.932	152.844	152.845			6
2026.02.13	01:26:47.390	152.837	152.838			6
2026.02.13	01:26:48.305	152.833	152.839			6
2026.02.13	01:26:50.404		152.838			4
2026.02.13	01:26:51.349	152.834				2
2026.02.13	01:26:53.215	152.835				2
2026.02.13	01:26:53.832	152.836				2
2026.02.13	01:26:54.136	152.841	152.843			6
2026.02.13	01:26:54.760	152.840	152.842			6
2026.02.13	01:26:55.381	152.838	152.844			6
2026.02.13	01:26:57.070	152.839				2
2026.02.13	01:26:57.788		152.845			4
2026.02.13	01:26:58.399		152.844			4
2026.02.13	01:26:59.333	152.840	152.843			6
2026.02.13	01:26:59.642		152.844			4
2026.02.13	01:27:00.279	152.840	152.843			6
2026.02.13	01:27:00.585	152.841	152.844			6
2026.02.13	01:27:00.891	152.842	152.845			6
2026.02.13	01:27:02.753	152.841	152.844			6
2026.02.13	01:27:04.314	152.842				2
2026.02.13	01:27:05.236		152.843			4
2026.02.13	01:27:06.162	152.843	152.844			6
2026.02.13	01:27:09.831	152.842	152.843			6
2026.02.13	01:27:14.117	152.843	152.844			6
2026.02.13	01:27:16.265	152.842	152.843			6
2026.02.13	01:27:16.883	152.837	152.838			6
2026.02.13	01:27:17.189	152.835	152.836			6
2026.02.13	01:27:18.113	152.833	152.839			6
2026.02.13	01:27:19.386		152.838			4
2026.02.13	01:27:20.635	152.832				2
2026.02.13	01:27:20.938	152.833	152.839			6
2026.02.13	01:27:21.246		152.838			4
2026.02.13	01:27:22.181		152.837			4
2026.02.13	01:27:23.117	152.834				2
2026.02.13	01:27:23.739	152.832	152.835			6
2026.02.13	01:27:24.360	152.833				2
2026.02.13	01:27:25.282		152.834			4
2026.02.13	01:27:26.201	152.834	152.835			6
2026.02.13	01:27:29.283	152.835	152.836			6
2026.02.13	01:27:30.202	152.834	152.835			6
2026.02.13	01:27:33.882	152.835	152.836			6
2026.02.13	01:27:37.239	152.834	152.835			6
2026.02.13	01:27:39.379	152.835	152.836			6
2026.02.13	01:27:40.609	152.834	152.835			6
2026.02.13	01:27:44.592	152.833	152.834			6
2026.02.13	01:27:45.502	152.834	152.835			6
2026.02.13	01:27:45.811	152.833	152.834			6
2026.02.13	01:27:46.115	152.834	152.835			6
2026.02.13	01:27:50.695	152.833	152.834			6
2026.02.13	01:28:00.215	152.833				2
2026.02.13	01:28:01.130	152.832	152.833			6
2026.02.13	01:28:01.437	152.833	152.834			6
2026.02.13	01:28:18.268	152.835	152.836			6
2026.02.13	01:28:18.576	152.836	152.837			6
2026.02.13	01:28:19.192	152.834	152.839			6
2026.02.13	01:28:21.075		152.838			4
2026.02.13	01:28:21.376		152.837			4
2026.02.13	01:28:22.321	152.833	152.838			6
2026.02.13	01:28:23.259		152.837			4
2026.02.13	01:28:25.114	152.834				2
2026.02.13	01:28:26.356		152.836			4
2026.02.13	01:28:28.237	152.835				2
2026.02.13	01:28:29.451	152.834	152.835			6
2026.02.13	01:28:31.288	152.833	152.834			6
2026.02.13	01:28:35.568	152.832	152.833			6
2026.02.13	01:28:37.724	152.831	152.832			6
2026.02.13	01:28:40.206	152.836	152.837			6
2026.02.13	01:28:41.126	152.834	152.841			6
2026.02.13	01:28:42.180		152.840			4
2026.02.13	01:28:45.317		152.838			4
2026.02.13	01:28:47.173		152.837			4
2026.02.13	01:28:48.423		152.838			4
2026.02.13	01:28:49.361		152.837			4
2026.02.13	01:28:51.229		152.836			4
2026.02.13	01:28:51.530	152.836	152.837			6
2026.02.13	01:28:51.839		152.838			4
2026.02.13	01:28:52.155		152.839			4
2026.02.13	01:28:52.775	152.837				2
2026.02.13	01:28:53.705	152.836				2
2026.02.13	01:28:54.328	152.837				2
2026.02.13	01:28:55.573		152.838			4
2026.02.13	01:29:00.201	152.837				2
2026.02.13	01:29:00.817	152.841	152.842			6
2026.02.13	01:29:01.121	152.840	152.846			6
2026.02.13	01:29:02.371		152.845			4
2026.02.13	01:29:05.198		152.844			4
2026.02.13	01:29:06.753	152.842	152.846			6
2026.02.13	01:29:07.992	152.843				2
2026.02.13	01:29:08.313		152.845			4
2026.02.13	01:29:08.933	152.844	152.846			6
2026.02.13	01:29:09.242		152.845			4
2026.02.13	01:29:11.386		152.846			4
2026.02.13	01:29:12.310		152.845			4
2026.02.13	01:29:17.522	152.845	152.846			6
2026.02.13	01:29:17.824	152.844	152.845			6
2026.02.13	01:29:25.778	152.845	152.846			6
2026.02.13	01:29:27.009		152.847			4
2026.02.13	01:29:27.324		152.846			4
2026.02.13	01:29:30.678	152.846	152.847			6
2026.02.13	01:29:34.951	152.847	152.848			6
2026.02.13	01:29:35.885	152.846	152.847			6
2026.02.13	01:29:39.869	152.847	152.848			6
2026.02.13	01:29:42.322	152.846	152.847			6
2026.02.13	01:29:43.253	152.847	152.848			6
2026.02.13	01:29:46.024	152.848	152.849			6
2026.02.13	01:29:46.329	152.847	152.851			6
2026.02.13	01:29:47.259		152.850			4
2026.02.13	01:29:48.198	152.848	152.849			6
2026.02.13	01:29:48.812	152.847	152.848			6
2026.02.13	01:29:49.123	152.846	152.852			6
2026.02.13	01:29:50.381		152.851			4
2026.02.13	01:29:52.252		152.850			4
2026.02.13	01:29:53.179		152.849			4
2026.02.13	01:29:54.107	152.847	152.848			6
2026.02.13	01:29:55.024	152.848	152.849			6
2026.02.13	01:29:55.334	152.846	152.850			6
2026.02.13	01:29:56.266	152.847				2
2026.02.13	01:29:57.194	152.848	152.849			6
2026.02.13	01:29:58.120	152.846	152.850			6
2026.02.13	01:29:59.361		152.849			4
2026.02.13	01:30:00.288	152.847	152.848			6
2026.02.13	01:30:00.597	152.846	152.847			6
2026.02.13	01:30:01.210	152.847	152.848			6
2026.02.13	01:30:02.425	152.846	152.847			6
2026.02.13	01:30:04.870	152.847	152.848			6
2026.02.13	01:30:05.485	152.846	152.847			6
2026.02.13	01:30:06.404	152.845	152.846			6
2026.02.13	01:30:06.713	152.844	152.845			6
2026.02.13	01:30:07.328	152.841	152.843			6
2026.02.13	01:30:08.250	152.840	152.847			6
2026.02.13	01:30:11.444		152.846			4
2026.02.13	01:30:11.745	152.836	152.843			6
2026.02.13	01:30:12.048	152.837				2
2026.02.13	01:30:12.371	152.820	152.825			6
2026.02.13	01:30:12.991	152.821	152.826			6
2026.02.13	01:30:14.300		152.825			4
2026.02.13	01:30:15.361	152.824	152.831			6
2026.02.13	01:30:15.971	152.821	152.827			6
2026.02.13	01:30:16.376	152.822	152.826			6
2026.02.13	01:30:16.692		152.827			4
2026.02.13	01:30:18.183	152.820				2
2026.02.13	01:30:19.395		152.826			4
2026.02.13	01:30:20.006		152.827			4
2026.02.13	01:30:20.396		152.826			4
2026.02.13	01:30:21.021		152.827			4
2026.02.13	01:30:21.345		152.826			4
2026.02.13	01:30:22.269		152.825			4
2026.02.13	01:30:22.909	152.815	152.821			6
2026.02.13	01:30:23.240		152.820			4
2026.02.13	01:30:24.162	152.816	152.819			6
2026.02.13	01:30:24.471		152.820			4
2026.02.13	01:30:25.707	152.815				2
2026.02.13	01:30:26.320		152.819			4
2026.02.13	01:30:27.885	152.816				2
2026.02.13	01:30:28.198	152.815	152.818			6
2026.02.13	01:30:29.446	152.816	152.819			6
2026.02.13	01:30:30.392		152.818			4
2026.02.13	01:30:32.238	152.817				2
2026.02.13	01:30:33.164	152.822	152.823			6
2026.02.13	01:30:34.387	152.821	152.824			6
2026.02.13	01:30:35.324		152.823			4
2026.02.13	01:30:36.235	152.822				2
2026.02.13	01:30:46.063	152.821	152.822			6
2026.02.13	01:30:46.372	152.822	152.823			6
2026.02.13	01:30:49.135	152.820	152.821			6
2026.02.13	01:30:49.751	152.818	152.819			6
2026.02.13	01:30:50.059	152.820	152.821			6
2026.02.13	01:30:50.363	152.821	152.822			6
2026.02.13	01:30:59.261	152.820	152.821			6
2026.02.13	01:30:59.866	152.819	152.820			6
2026.02.13	01:31:00.175	152.819				2
2026.02.13	01:31:02.630	152.821	152.822			6
2026.02.13	01:31:04.771	152.820	152.821			6
2026.02.13	01:31:05.692	152.819	152.820			6
2026.02.13	01:31:09.977	152.812	152.813			6
2026.02.13	01:31:10.283	152.813	152.814			6
2026.02.13	01:31:11.203	152.812				2
2026.02.13	01:31:13.380	152.813				2
2026.02.13	01:31:15.223	152.811	152.812			6
2026.02.13	01:31:16.141	152.815	152.816			6
2026.02.13	01:31:16.445	152.822	152.823			6
2026.02.13	01:31:17.367	152.820	152.826			6
2026.02.13	01:31:21.921		152.825			4
2026.02.13	01:31:24.122		152.824			4
2026.02.13	01:31:25.368	152.821				2
2026.02.13	01:31:26.293		152.823			4
2026.02.13	01:31:27.219	152.822				2
2026.02.13	01:31:33.983	152.824	152.825			6
2026.02.13	01:31:34.292	152.826	152.827			6
2026.02.13	01:31:34.902	152.827	152.828			6
2026.02.13	01:31:36.127	152.828	152.829			6
2026.02.13	01:31:36.433	152.827	152.828			6
2026.02.13	01:31:37.976	152.826	152.827			6
2026.02.13	01:31:38.584	152.827	152.828			6
2026.02.13	01:31:39.504	152.826	152.827			6
2026.02.13	01:31:39.806	152.829	152.830			6
2026.02.13	01:31:40.109	152.830	152.831			6
2026.02.13	01:31:40.726	152.829	152.830			6
2026.02.13	01:31:41.037	152.831	152.832			6
2026.02.13	01:31:41.651	152.830	152.831			6
2026.02.13	01:31:45.353	152.832	152.833			6
2026.02.13	01:31:46.595	152.831	152.832			6
2026.02.13	01:31:46.902	152.832	152.833			6
2026.02.13	01:31:47.215	152.831	152.832			6
2026.02.13	01:31:55.504	152.832	152.833			6
2026.02.13	01:31:56.421	152.831	152.832			6
2026.02.13	01:32:00.145	152.831				2
2026.02.13	01:32:01.376	152.832	152.833			6
2026.02.13	01:32:01.682	152.831	152.832			6
2026.02.13	01:32:01.985	152.823	152.824			6
2026.02.13	01:32:02.288	152.834	152.835			6
2026.02.13	01:32:02.903	152.832	152.833			6
2026.02.13	01:32:04.128	152.831				2
2026.02.13	01:32:04.443	152.832	152.834			6
2026.02.13	01:32:05.374	152.833				2
2026.02.13	01:32:08.753	152.834	152.835			6
2026.02.13	01:32:15.504	152.831	152.832			6
2026.02.13	01:32:16.424	152.832	152.833			6
2026.02.13	01:32:18.577	152.831	152.832			6
2026.02.13	01:32:19.194	152.832	152.833			6
2026.02.13	01:32:20.724	152.831	152.832			6
2026.02.13	01:32:22.247	152.832	152.833			6
2026.02.13	01:32:26.862	152.831	152.832			6
2026.02.13	01:32:27.466	152.832	152.833			6
2026.02.13	01:32:32.367	152.831	152.832			6
2026.02.13	01:32:34.221	152.832	152.833			6
2026.02.13	01:32:37.599	152.833	152.834			6
2026.02.13	01:32:37.908	152.822	152.823			6
2026.02.13	01:32:39.137	152.821	152.827			6
2026.02.13	01:32:43.001		152.826			4
2026.02.13	01:32:43.306		152.827			4
2026.02.13	01:32:43.926	152.832	152.833			6
2026.02.13	01:32:44.232		152.838			4
2026.02.13	01:32:46.498	152.833				2
2026.02.13	01:32:46.803		152.839			4
2026.02.13	01:32:47.124		152.838			4
2026.02.13	01:32:48.992	152.832				2
2026.02.13	01:32:49.299		152.837			4
2026.02.13	01:32:49.609	152.830	152.836			6
2026.02.13	01:32:51.154		152.835			4
2026.02.13	01:32:54.267		152.834			4
2026.02.13	01:32:56.133		152.833			4
2026.02.13	01:32:58.297		152.832			4
2026.02.13	01:32:59.220	152.831				2
2026.02.13	01:33:00.136	152.831				2
2026.02.13	01:33:03.812	152.824	152.825			6
2026.02.13	01:33:04.120	152.825	152.826			6
2026.02.13	01:33:05.345	152.823				2
2026.02.13	01:33:05.651	152.824	152.827			6
2026.02.13	01:33:05.974	152.823	152.826			6
2026.02.13	01:33:06.291	152.824				2
2026.02.13	01:33:06.900	152.825	152.827			6
2026.02.13	01:33:07.215	152.824	152.826			6
2026.02.13	01:33:08.135	152.825				2
2026.02.13	01:33:11.503	152.821	152.822			6
2026.02.13	01:33:12.116	152.820	152.821			6
2026.02.13	01:33:12.727	152.821	152.822			6
2026.02.13	01:33:14.279	152.822	152.823			6
2026.02.13	01:33:14.584	152.821	152.822			6
2026.02.13	01:33:14.886	152.820	152.821			6
2026.02.13	01:33:15.189	152.822	152.823			6
2026.02.13	01:33:20.115	152.821	152.822			6
2026.02.13	01:33:20.736	152.820	152.821			6
2026.02.13	01:33:21.046	152.821	152.822			6
2026.02.13	01:33:21.972	152.820	152.821			6
2026.02.13	01:33:23.509	152.810	152.811			6
2026.02.13	01:33:23.811	152.809	152.810			6
2026.02.13	01:33:24.122	152.804				2
2026.02.13	01:33:24.431		152.809			4
2026.02.13	01:33:24.758		152.810			4
2026.02.13	01:33:25.125		152.809			4
2026.02.13	01:33:26.050	152.800	152.805			6
2026.02.13	01:33:26.761	152.801				2
2026.02.13	01:33:27.806	152.798	152.802			6
2026.02.13	01:33:28.201		152.801			4
2026.02.13	01:33:28.833		152.802			4
2026.02.13	01:33:29.400		152.801			4
2026.02.13	01:33:31.285	152.797				2
2026.02.13	01:33:31.591		152.800			4
2026.02.13	01:33:31.896	152.796				2
2026.02.13	01:33:32.213	152.797				2
2026.02.13	01:33:32.516	152.796	152.799			6
2026.02.13	01:33:33.142	152.797				2
2026.02.13	01:33:34.071	152.789	152.791			6
2026.02.13	01:33:34.378	152.786	152.787			6
2026.02.13	01:33:34.686	152.781	152.782			6
2026.02.13	01:33:34.994	152.780	152.781			6
2026.02.13	01:33:35.298		152.785			4
2026.02.13	01:33:35.914	152.783	152.787			6
2026.02.13	01:33:36.219		152.789			4
2026.02.13	01:33:37.350	152.775	152.781			6
2026.02.13	01:33:39.399	152.780	152.786			6
2026.02.13	01:33:40.647		152.787			4
2026.02.13	01:33:41.081	152.781	152.786			6
2026.02.13	01:33:41.394	152.780				2
2026.02.13	01:33:42.137		152.785			4
2026.02.13	01:33:42.453	152.778	152.783			6
2026.02.13	01:33:42.777		152.782			4
2026.02.13	01:33:43.419	152.768	152.772			6
2026.02.13	01:33:43.726		152.773			4
2026.02.13	01:33:44.347	152.771	152.776			6
2026.02.13	01:33:45.592	152.769	152.774			6
2026.02.13	01:33:45.911		152.773			4
2026.02.13	01:33:46.220	152.773	152.776			6
2026.02.13	01:33:46.523		152.778			4
2026.02.13	01:33:46.849	152.772	152.777			6
2026.02.13	01:33:47.476	152.774	152.779			6
2026.02.13	01:33:47.779	152.775	152.781			6
2026.02.13	01:33:48.346	152.772	152.777			6
2026.02.13	01:33:48.659	152.771				2
2026.02.13	01:33:48.980	152.773				2
2026.02.13	01:33:49.602		152.776			4
2026.02.13	01:33:50.229	152.772	152.775			6
2026.02.13	01:33:50.544	152.776	152.779			6
2026.02.13	01:33:52.412	152.773	152.776			6
2026.02.13	01:33:52.734	152.772	152.775			6
2026.02.13	01:33:53.360	152.773	152.776			6
2026.02.13	01:33:53.667	152.772				2
2026.02.13	01:33:53.977		152.775			4
2026.02.13	01:33:55.212	152.773				2
2026.02.13	01:33:56.131	152.774				2
2026.02.13	01:33:57.056	152.775	152.776			6
2026.02.13	01:33:57.986	152.774	152.775			6
2026.02.13	01:34:00.150	152.774				2
2026.02.13	01:34:00.457	152.775	152.776			6
2026.02.13	01:34:01.384	152.777	152.778			6
2026.02.13	01:34:01.701	152.778	152.779			6
2026.02.13	01:34:02.005	152.782	152.783			6
2026.02.13	01:34:02.315	152.787	152.788			6
2026.02.13	01:34:02.622	152.782	152.783			6
2026.02.13	01:34:03.537	152.784	152.785			6
2026.02.13	01:34:03.847	152.783	152.784			6
2026.02.13	01:34:04.156	152.784	152.785			6
2026.02.13	01:34:04.768	152.787	152.788			6
2026.02.13	01:34:05.070	152.789	152.790			6
2026.02.13	01:34:06.297	152.790	152.791			6
2026.02.13	01:34:07.843	152.791	152.792			6
2026.02.13	01:34:08.147	152.790	152.791			6
2026.02.13	01:34:08.757	152.791	152.792			6
2026.02.13	01:34:09.682	152.790	152.791			6
2026.02.13	01:34:12.448	152.789	152.790			6
2026.02.13	01:34:13.059	152.786	152.787			6
2026.02.13	01:34:13.363	152.784	152.785			6
2026.02.13	01:34:13.668	152.783	152.784			6
2026.02.13	01:34:20.415	152.786	152.787			6
2026.02.13	01:34:20.722	152.781	152.782			6
2026.02.13	01:34:21.341	152.777	152.778			6
2026.02.13	01:34:22.581	152.774	152.775			6
2026.02.13	01:34:23.809	152.775	152.776			6
2026.02.13	01:34:24.110	152.774	152.775			6
2026.02.13	01:34:26.273	152.775	152.776			6
2026.02.13	01:34:26.892	152.765	152.766			6
2026.02.13	01:34:27.203	152.764	152.767			6
2026.02.13	01:34:28.149		152.766			4
2026.02.13	01:34:30.310	152.765				2
2026.02.13	01:34:31.533	152.764	152.765			6
2026.02.13	01:34:31.842	152.765	152.766			6
2026.02.13	01:34:33.380	152.764	152.765			6
2026.02.13	01:34:33.686	152.763	152.764			6
2026.02.13	01:34:36.152	152.764	152.765			6
2026.02.13	01:34:36.767	152.765	152.766			6
2026.02.13	01:34:37.375	152.764	152.765			6
2026.02.13	01:34:37.989	152.747	152.748			6
2026.02.13	01:34:38.300	152.746	152.751			6
2026.02.13	01:34:41.353		152.752			4
2026.02.13	01:34:41.661		152.751			4
2026.02.13	01:34:42.853	152.739	152.745			6
2026.02.13	01:34:43.160	152.738	152.743			6
2026.02.13	01:34:43.476	152.739	152.745			6
2026.02.13	01:34:44.130	152.740	152.744			6
2026.02.13	01:34:44.440	152.741	152.745			6
2026.02.13	01:34:44.745	152.740	152.744			6
2026.02.13	01:34:45.365	152.741	152.745			6
2026.02.13	01:34:45.669	152.740	152.744			6
2026.02.13	01:34:46.287	152.741	152.743			6
2026.02.13	01:34:47.206		152.742			4
2026.02.13	01:34:48.732	152.743	152.744			6
2026.02.13	01:34:49.343	152.742	152.743			6
2026.02.13	01:34:51.808	152.740	152.741			6
2026.02.13	01:34:52.117	152.742	152.743			6
2026.02.13	01:34:54.273	152.740	152.741			6
2026.02.13	01:35:00.121	152.740				2
2026.02.13	01:35:01.665	152.742	152.743			6
2026.02.13	01:35:01.977	152.741	152.742			6
2026.02.13	01:35:02.592	152.742	152.743			6
2026.02.13	01:35:03.200	152.741	152.742			6
2026.02.13	01:35:03.510	152.740	152.741			6
2026.02.13	01:35:03.812	152.743	152.744			6
2026.02.13	01:35:04.746	152.749	152.750			6
2026.02.13	01:35:05.057	152.752	152.753			6
2026.02.13	01:35:05.367	152.751	152.752			6
2026.02.13	01:35:08.120	152.742	152.743			6
2026.02.13	01:35:08.429	152.741	152.742			6
2026.02.13	01:35:09.361	152.740	152.745			6
2026.02.13	01:35:10.666		152.747			4
2026.02.13	01:35:11.135		152.746			4
2026.02.13	01:35:12.410		152.747			4
2026.02.13	01:35:13.408		152.746			4
2026.02.13	01:35:14.368		152.745			4
2026.02.13	01:35:15.297	152.741				2
2026.02.13	01:35:16.239	152.742	152.744			6
2026.02.13	01:35:17.159	152.743				2
2026.02.13	01:35:20.847	152.752	152.753			6
2026.02.13	01:35:21.150	152.751	152.758			6
2026.02.13	01:35:22.400		152.757			4
2026.02.13	01:35:23.410		152.756			4
2026.02.13	01:35:24.347	152.755	152.758			6
2026.02.13	01:35:24.649	152.754				2
2026.02.13	01:35:24.952	152.750	152.754			6
2026.02.13	01:35:25.268	152.751				2
2026.02.13	01:35:26.208	152.752	152.753			6
2026.02.13	01:35:48.658	152.759	152.760			6
2026.02.13	01:35:48.962	152.761	152.762			6
2026.02.13	01:35:49.265	152.760	152.763			6
2026.02.13	01:35:50.205		152.762			4
2026.02.13	01:35:52.374		152.761			4
2026.02.13	01:35:56.999	152.761	152.762			6
2026.02.13	01:35:58.834	152.764	152.765			6
2026.02.13	01:35:59.449	152.763	152.764			6
2026.02.13	01:36:00.057	152.763				2
2026.02.13	01:36:00.979	152.760	152.761			6
2026.02.13	01:36:02.528	152.761	152.762			6
2026.02.13	01:36:02.835	152.753	152.754			6
2026.02.13	01:36:03.150	152.751	152.757			6
2026.02.13	01:36:04.394		152.756			4
2026.02.13	01:36:06.280		152.755			4
2026.02.13	01:36:07.204	152.759	152.765			6
2026.02.13	01:36:08.953	152.760	152.764			6
2026.02.13	01:36:11.138		152.763			4
2026.02.13	01:36:11.770	152.762	152.766			6
2026.02.13	01:36:12.083	152.763	152.767			6
2026.02.13	01:36:13.351	152.764	152.766			6
2026.02.13	01:36:14.269		152.765			4
2026.02.13	01:36:14.573	152.766	152.767			6
2026.02.13	01:36:14.875	152.767	152.768			6
2026.02.13	01:36:15.180	152.768	152.769			6
2026.02.13	01:36:15.804	152.767	152.768			6
2026.02.13	01:36:16.110	152.769	152.770			6
2026.02.13	01:36:17.030	152.768	152.769			6
2026.02.13	01:36:17.639	152.769	152.770			6
2026.02.13	01:36:18.868	152.768	152.769			6
2026.02.13	01:36:21.032	152.765	152.766			6
2026.02.13	01:36:21.337	152.763	152.764			6
2026.02.13	01:36:21.644	152.759	152.760			6
2026.02.13	01:36:22.255	152.758	152.761			6
2026.02.13	01:36:23.182		152.762			4
2026.02.13	01:36:24.123		152.761			4
2026.02.13	01:36:24.442	152.762	152.764			6
2026.02.13	01:36:24.749	152.758	152.762			6
2026.02.13	01:36:25.371	152.759	152.761			6
2026.02.13	01:36:26.327		152.760			4
2026.02.13	01:36:29.381	152.760	152.761			6
2026.02.13	01:36:30.905	152.761	152.762			6
2026.02.13	01:36:32.132	152.759	152.761			6
2026.02.13	01:36:32.769	152.761	152.762			6
2026.02.13	01:36:33.380		152.765			4
2026.02.13	01:36:33.911	152.763	152.764			6
2026.02.13	01:36:43.750	152.765	152.766			6
2026.02.13	01:36:44.059	152.764	152.765			6
2026.02.13	01:36:44.368	152.763	152.764			6
2026.02.13	01:36:44.688	152.764	152.765			6
2026.02.13	01:37:00.055	152.764				2
2026.02.13	01:37:00.986	152.766	152.767			6
2026.02.13	01:37:01.288	152.765	152.766			6
2026.02.13	01:37:02.207	152.764	152.765			6
2026.02.13	01:37:02.818	152.763	152.764			6
2026.02.13	01:37:03.435	152.764	152.765			6
2026.02.13	01:37:07.132	152.763	152.764			6
2026.02.13	01:37:08.072		152.768			4
2026.02.13	01:37:08.379		152.767			4
2026.02.13	01:37:08.696	152.764	152.765			6
2026.02.13	01:37:09.311	152.763	152.764			6
2026.02.13	01:37:10.236	152.764	152.765			6
2026.02.13	01:37:10.545	152.769	152.770			6
2026.02.13	01:37:10.854	152.770	152.771			6
2026.02.13	01:37:11.462	152.771	152.772			6
2026.02.13	01:37:12.383		152.775			4
2026.02.13	01:37:15.190		152.774			4
2026.02.13	01:37:18.307		152.773			4
2026.02.13	01:37:21.114		152.772			4
2026.02.13	01:37:21.433		152.773			4
2026.02.13	01:37:22.377		152.772			4
2026.02.13	01:37:29.737	152.775	152.776			6
2026.02.13	01:37:30.038	152.777	152.778			6
2026.02.13	01:37:30.959	152.776	152.777			6
2026.02.13	01:37:31.261	152.777	152.779			6
2026.02.13	01:37:33.144		152.778			4
2026.02.13	01:37:34.704		152.779			4
2026.02.13	01:37:35.327		152.778			4
2026.02.13	01:37:41.782	152.776	152.777			6
2026.02.13	01:37:42.395	152.777	152.778			6
2026.02.13	01:37:44.543	152.776	152.777			6
2026.02.13	01:37:45.152	152.777	152.778			6
2026.02.13	01:37:46.377	152.787	152.788			6
2026.02.13	01:37:46.690	152.788	152.789			6
2026.02.13	01:37:47.301	152.787	152.792			6
2026.02.13	01:37:48.010		152.791			4
2026.02.13	01:37:54.755	152.784	152.790			6
2026.02.13	01:37:55.176		152.789			4
2026.02.13	01:37:55.479	152.785	152.790			6
2026.02.13	01:37:56.725	152.786	152.791			6
2026.02.13	01:37:57.176		152.790			4
2026.02.13	01:37:57.825	152.787	152.791			6
2026.02.13	01:37:58.397		152.790			4
2026.02.13	01:37:58.707	152.783	152.787			6
2026.02.13	01:37:59.016	152.782	152.786			6
2026.02.13	01:37:59.327		152.785			4
2026.02.13	01:38:00.252	152.782	152.787			6
2026.02.13	01:38:01.283		152.786			4
2026.02.13	01:38:01.903		152.787			4
2026.02.13	01:38:03.260		152.786			4
