<DATE>	<TIME>	<BID>	<ASK>	<LAST>	<VOLUME>	<FLAGS>
2026.05.25	00:03:31.030	158.786	158.871			6
2026.05.25	00:04:00.248	158.786				2
2026.05.25	00:04:09.275	158.790	158.867			6
2026.05.25	00:05:00.180	158.790				2
2026.05.25	00:05:01.984	158.783	158.896			6
2026.05.25	00:05:03.486	158.784	158.889			6
2026.05.25	00:05:13.117		158.890			4
2026.05.25	00:05:33.577		158.891			4
2026.05.25	00:05:36.591	158.786	158.879			6
2026.05.25	00:05:51.950		158.883			4
2026.05.25	00:06:00.080	158.786				2
2026.05.25	00:06:02.488	158.784	158.892			6
2026.05.25	00:06:07.011	158.786	158.881			6
2026.05.25	00:06:19.050		158.885			4
2026.05.25	00:06:20.564	158.785				2
2026.05.25	00:06:22.068	158.786	158.880			6
2026.05.25	00:06:47.952	158.785	158.887			6
2026.05.25	00:07:00.287	158.785				2
2026.05.25	00:07:02.399	158.786	158.879			6
2026.05.25	00:07:15.945		158.881			4
2026.05.25	00:08:00.169	158.786				2
2026.05.25	00:08:16.113		158.881			4
2026.05.25	00:09:00.073	158.786				2
2026.05.25	00:09:16.339		158.881			4
2026.05.25	00:09:44.015		158.882			4
2026.05.25	00:10:00.255	158.786				2
2026.05.25	00:10:01.458	158.787	158.875			6
2026.05.25	00:10:03.864		158.873			4
2026.05.25	00:10:26.427		158.876			4
2026.05.25	00:10:51.106		158.877			4
2026.05.25	00:11:00.163	158.787				2
2026.05.25	00:11:06.782		158.906			4
2026.05.25	00:11:08.284		158.908			4
2026.05.25	00:11:11.890		158.911			4
2026.05.25	00:11:24.529		158.922			4
2026.05.25	00:11:27.794		158.923			4
2026.05.25	00:11:33.925		158.925			4
2026.05.25	00:11:35.192	158.786	158.910			6
2026.05.25	00:11:41.594		158.909			4
2026.05.25	00:11:44.507	158.787	158.924			6
2026.05.25	00:11:45.494		158.925			4
2026.05.25	00:11:47.990	158.786				2
2026.05.25	00:11:55.093		158.926			4
2026.05.25	00:12:01.682	158.786				2
2026.05.25	00:12:06.193		158.927			4
2026.05.25	00:12:16.994		158.928			4
2026.05.25	00:12:17.346	158.788				2
2026.05.25	00:12:18.970	158.786	158.913			6
2026.05.25	00:12:27.194		158.912			4
2026.05.25	00:12:36.194		158.911			4
2026.05.25	00:12:47.889	158.784				2
2026.05.25	00:12:51.757	158.787				2
2026.05.25	00:13:03.493	158.787				2
2026.05.25	00:13:03.794		158.910			4
2026.05.25	00:13:05.346	158.786				2
2026.05.25	00:13:18.480	158.787	158.923			6
2026.05.25	00:13:23.675		158.912			4
2026.05.25	00:13:39.571	158.859	158.924			6
2026.05.25	00:13:40.475	158.860				2
2026.05.25	00:13:40.775		158.922			4
2026.05.25	00:13:51.018	158.833				2
2026.05.25	00:13:52.221	158.779	158.900			6
2026.05.25	00:13:52.525		158.901			4
2026.05.25	00:13:58.859	158.778	158.915			6
2026.05.25	00:14:00.793	158.778				2
2026.05.25	00:14:01.512	158.777				2
2026.05.25	00:14:01.993		158.916			4
2026.05.25	00:14:02.294	158.788				2
2026.05.25	00:14:02.595		158.912			4
2026.05.25	00:14:02.896	158.779	158.916			6
2026.05.25	00:14:06.494	158.782				2
2026.05.25	00:14:09.194		158.917			4
2026.05.25	00:14:10.961	158.779				2
2026.05.25	00:14:11.262	158.769				2
2026.05.25	00:14:15.290		158.916			4
2026.05.25	00:14:21.794		158.917			4
2026.05.25	00:14:35.300	158.773	158.908			6
2026.05.25	00:14:44.646	158.768	158.911			6
2026.05.25	00:14:52.465	158.777	158.915			6
2026.05.25	00:15:00.298	158.777				2
2026.05.25	00:15:00.898		158.920			4
2026.05.25	00:15:01.199		158.921			4
2026.05.25	00:15:08.296		158.922			4
2026.05.25	00:15:17.309	158.772				2
2026.05.25	00:15:17.913		158.923			4
2026.05.25	00:15:26.894		158.924			4
2026.05.25	00:15:38.655	158.854	158.920			6
2026.05.25	00:15:46.475	158.832	158.925			6
2026.05.25	00:15:47.680	158.777	158.922			6
2026.05.25	00:15:47.980		158.923			4
2026.05.25	00:15:52.394		158.924			4
2026.05.25	00:15:54.359	158.788	158.925			6
2026.05.25	00:16:00.495	158.788				2
2026.05.25	00:16:42.346	158.789				2
2026.05.25	00:16:42.647		158.929			4
2026.05.25	00:16:50.467		158.927			4
2026.05.25	00:16:51.969	158.797				2
2026.05.25	00:16:54.073		158.924			4
2026.05.25	00:16:54.374		158.928			4
2026.05.25	00:17:00.102	158.797				2
2026.05.25	00:17:02.209		158.929			4
2026.05.25	00:17:05.818		158.927			4
2026.05.25	00:18:00.276	158.797				2
2026.05.25	00:18:06.002		158.927			4
2026.05.25	00:18:19.248		158.912			4
2026.05.25	00:18:24.968		158.899			4
2026.05.25	00:18:33.084	158.836	158.904			6
2026.05.25	00:18:33.385	158.833	158.905			6
2026.05.25	00:18:34.287	158.795	158.926			6
2026.05.25	00:18:34.589	158.790	158.924			6
2026.05.25	00:18:38.498	158.786	158.923			6
2026.05.25	00:19:00.171	158.786				2
2026.05.25	00:19:33.282		158.927			4
2026.05.25	00:19:56.770	158.788				2
2026.05.25	00:19:58.572	158.786				2
2026.05.25	00:20:00.077	158.786				2
2026.05.25	00:20:09.099		158.944			4
2026.05.25	00:20:12.191	158.788				2
2026.05.25	00:20:15.194		158.945			4
2026.05.25	00:20:28.317		158.944			4
2026.05.25	00:20:33.138	158.784				2
2026.05.25	00:20:34.639		158.945			4
2026.05.25	00:20:36.493	158.785				2
2026.05.25	00:20:37.731		158.944			4
2026.05.25	00:20:39.237	158.784	158.943			6
2026.05.25	00:20:49.467	158.787	158.945			6
2026.05.25	00:20:56.291	158.783				2
2026.05.25	00:20:56.592	158.784	158.943			6
2026.05.25	00:20:58.096	158.782				2
2026.05.25	00:21:00.197	158.782				2
2026.05.25	00:21:11.640	158.784				2
2026.05.25	00:21:16.448	158.783	158.945			6
2026.05.25	00:21:16.747	158.784	158.943			6
2026.05.25	00:21:18.848	158.783				2
2026.05.25	00:21:32.987	158.784				2
2026.05.25	00:21:35.393	158.786	158.945			6
2026.05.25	00:21:35.693	158.783	158.943			6
2026.05.25	00:22:00.070	158.783				2
2026.05.25	00:22:24.147	158.782				2
2026.05.25	00:22:24.448	158.785				2
2026.05.25	00:22:35.883		158.943			4
2026.05.25	00:23:00.275	158.785				2
2026.05.25	00:23:24.065		158.928			4
2026.05.25	00:24:00.156	158.785				2
2026.05.25	00:24:24.247		158.928			4
2026.05.25	00:25:00.063	158.785				2
2026.05.25	00:25:09.985		158.930			4
2026.05.25	00:25:36.787	158.780				2
2026.05.25	00:25:37.089	158.782	158.937			6
2026.05.25	00:25:40.397	158.784	158.939			6
2026.05.25	00:25:43.721	158.789				2
2026.05.25	00:25:44.025		158.937			4
2026.05.25	00:25:54.253	158.781	158.936			6
2026.05.25	00:25:56.964	158.784	158.937			6
2026.05.25	00:25:57.265	158.781				2
2026.05.25	00:25:59.973	158.782				2
2026.05.25	00:26:00.273	158.782				2
2026.05.25	00:26:02.079	158.783	158.938			6
2026.05.25	00:26:02.378	158.781	158.937			6
2026.05.25	00:26:03.283	158.782				2
2026.05.25	00:26:03.584	158.783				2
2026.05.25	00:26:03.883	158.785	158.900			6
2026.05.25	00:26:04.184	158.787				2
2026.05.25	00:26:04.484	158.785				2
2026.05.25	00:26:04.785	158.784				2
2026.05.25	00:26:05.085	158.783				2
2026.05.25	00:26:05.386	158.782				2
2026.05.25	00:26:23.146		158.906			4
2026.05.25	00:26:23.447	158.781	158.892			6
2026.05.25	00:26:28.558	158.787	158.907			6
2026.05.25	00:26:31.873	158.790				2
2026.05.25	00:26:37.892		158.897			4
2026.05.25	00:26:49.055		158.908			4
2026.05.25	00:26:50.859		158.893			4
2026.05.25	00:26:52.368	158.787				2
2026.05.25	00:27:00.191	158.787				2
2026.05.25	00:27:02.297	158.782	158.913			6
2026.05.25	00:27:04.398		158.884			4
2026.05.25	00:27:40.838		158.909			4
2026.05.25	00:27:41.741	158.784				2
2026.05.25	00:28:00.102	158.784				2
2026.05.25	00:28:10.647		158.895			4
2026.05.25	00:28:18.167	158.778	158.906			6
2026.05.25	00:28:24.479		158.909			4
2026.05.25	00:28:24.781		158.897			4
2026.05.25	00:28:25.082	158.790	158.899			6
2026.05.25	00:28:34.424		158.892			4
2026.05.25	00:28:35.931	158.777				2
2026.05.25	00:28:36.233		158.905			4
2026.05.25	00:28:43.448		158.890			4
2026.05.25	00:28:55.788		158.879			4
2026.05.25	00:29:00.004	158.777				2
2026.05.25	00:29:32.204		158.902			4
2026.05.25	00:29:38.525		158.908			4
2026.05.25	00:30:00.177	158.777				2
2026.05.25	00:30:35.989	158.776				2
2026.05.25	00:30:36.589		158.916			4
2026.05.25	00:31:00.052	158.776				2
2026.05.25	00:31:16.885	158.777				2
2026.05.25	00:31:36.748		158.916			4
2026.05.25	00:31:42.764	158.842	158.919			6
2026.05.25	00:31:45.467		158.912			4
2026.05.25	00:31:46.369	158.852	158.916			6
2026.05.25	00:31:47.269		158.905			4
2026.05.25	00:31:48.171		158.900			4
2026.05.25	00:31:53.276	158.818	158.912			6
2026.05.25	00:31:54.182		158.899			4
2026.05.25	00:32:00.197	158.818				2
2026.05.25	00:32:03.499		158.902			4
2026.05.25	00:32:12.830	158.812				2
2026.05.25	00:32:17.041		158.894			4
2026.05.25	00:32:21.549		158.892			4
2026.05.25	00:32:33.570	158.871	158.917			6
2026.05.25	00:32:39.276	158.876	158.921			6
2026.05.25	00:32:40.477	158.877				2
2026.05.25	00:32:42.287		158.922			4
2026.05.25	00:32:49.202	158.879	158.923			6
2026.05.25	00:32:50.406	158.880				2
2026.05.25	00:32:51.608		158.920			4
2026.05.25	00:32:52.210		158.921			4
2026.05.25	00:32:52.513	158.825	158.932			6
2026.05.25	00:32:52.815		158.909			4
2026.05.25	00:33:00.046	158.825				2
2026.05.25	00:33:24.414		158.907			4
2026.05.25	00:33:52.379	158.819	158.914			6
2026.05.25	00:33:57.788	158.874	158.921			6
2026.05.25	00:34:00.204	158.874				2
2026.05.25	00:34:12.395	158.877	158.923			6
2026.05.25	00:34:12.696	158.882	158.924			6
2026.05.25	00:34:12.996		158.928			4
2026.05.25	00:34:20.297		158.927			4
2026.05.25	00:34:21.122	158.818	158.913			6
2026.05.25	00:34:21.423		158.914			4
2026.05.25	00:34:39.471	158.819	158.913			6
2026.05.25	00:34:43.077	158.822				2
2026.05.25	00:34:59.644	158.821				2
2026.05.25	00:35:00.243	158.821				2
2026.05.25	00:35:09.560	158.820				2
2026.05.25	00:35:11.662		158.916			4
2026.05.25	00:35:17.370	158.821				2
2026.05.25	00:35:28.188	158.820				2
2026.05.25	00:35:49.849	158.818	158.911			6
2026.05.25	00:35:50.150	158.812	158.913			6
2026.05.25	00:36:00.070	158.812				2
2026.05.25	00:36:06.076	158.784	158.891			6
2026.05.25	00:36:08.482	158.783	158.892			6
2026.05.25	00:36:16.308	158.785				2
2026.05.25	00:36:18.418	158.786				2
2026.05.25	00:36:26.246	158.785				2
2026.05.25	00:36:26.547		158.884			4
2026.05.25	00:36:29.855	158.784				2
2026.05.25	00:36:37.673	158.783				2
2026.05.25	00:36:53.025	158.785				2
2026.05.25	00:36:55.433	158.786				2
2026.05.25	00:36:56.334		158.874			4
2026.05.25	00:37:00.247	158.786				2
2026.05.25	00:37:00.847	158.785				2
2026.05.25	00:37:11.070		158.908			4
2026.05.25	00:37:14.673	158.832	158.915			6
2026.05.25	00:37:14.972		158.917			4
2026.05.25	00:37:19.181		158.887			4
2026.05.25	00:37:20.383		158.903			4
2026.05.25	00:37:23.394		158.905			4
2026.05.25	00:37:31.518	158.831				2
2026.05.25	00:37:33.324	158.833				2
2026.05.25	00:37:38.137		158.893			4
2026.05.25	00:37:43.846		158.914			4
2026.05.25	00:37:54.383		158.904			4
2026.05.25	00:37:54.684		158.902			4
2026.05.25	00:37:54.985		158.894			4
2026.05.25	00:38:00.102	158.833				2
2026.05.25	00:38:00.402	158.834	158.888			6
2026.05.25	00:38:01.002		158.889			4
2026.05.25	00:38:03.407		158.894			4
2026.05.25	00:38:03.707	158.812	158.895			6
2026.05.25	00:38:04.007	158.808	158.896			6
2026.05.25	00:38:22.964	158.809				2
2026.05.25	00:38:24.467		158.878			4
2026.05.25	00:38:47.930		158.879			4
2026.05.25	00:39:00.256	158.809				2
2026.05.25	00:39:13.181		158.872			4
2026.05.25	00:39:37.543	158.873	158.921			6
2026.05.25	00:39:40.297	158.874				2
2026.05.25	00:39:45.314	158.888	158.941			6
2026.05.25	00:39:49.013	158.891	158.936			6
2026.05.25	00:39:49.312	158.893	158.937			6
2026.05.25	00:39:50.521	158.894				2
2026.05.25	00:39:58.712	158.895	158.938			6
2026.05.25	00:40:00.302	158.895				2
2026.05.25	00:40:03.514	158.893	158.936			6
2026.05.25	00:40:20.298		158.935			4
2026.05.25	00:40:40.298	158.894				2
2026.05.25	00:40:43.328	158.830	158.921			6
2026.05.25	00:40:46.447		158.922			4
2026.05.25	00:40:51.691	158.829	158.923			6
2026.05.25	00:40:56.894		158.924			4
2026.05.25	00:41:01.011	158.828				2
2026.05.25	00:41:02.316	158.826	158.922			6
2026.05.25	00:41:02.619	158.825				2
2026.05.25	00:41:04.735	158.826	158.923			6
2026.05.25	00:41:05.035	158.825	158.922			6
2026.05.25	00:41:09.801		158.923			4
2026.05.25	00:41:15.494	158.824				2
2026.05.25	00:41:17.298	158.823				2
2026.05.25	00:41:22.420	158.824				2
2026.05.25	00:41:24.087	158.826				2
2026.05.25	00:41:24.388		158.921			4
2026.05.25	00:41:35.894	158.825				2
2026.05.25	00:41:43.870		158.906			4
2026.05.25	00:41:44.173		158.907			4
2026.05.25	00:41:45.675		158.905			4
2026.05.25	00:41:57.425	158.824				2
2026.05.25	00:41:58.928		158.903			4
2026.05.25	00:41:59.229		158.902			4
2026.05.25	00:42:00.130	158.824				2
2026.05.25	00:42:12.754	158.823				2
2026.05.25	00:42:13.954		158.912			4
2026.05.25	00:42:29.592	158.821	158.895			6
2026.05.25	00:42:31.396	158.823	158.919			6
2026.05.25	00:42:31.998	158.825				2
2026.05.25	00:42:43.449		158.921			4
2026.05.25	00:42:57.588	158.822				2
2026.05.25	00:43:00.296	158.822				2
2026.05.25	00:43:02.699	158.829	158.920			6
2026.05.25	00:43:05.415	158.827	158.921			6
2026.05.25	00:43:09.945	158.826				2
2026.05.25	00:43:12.047	158.822	158.908			6
2026.05.25	00:43:12.949	158.825				2
2026.05.25	00:43:33.692	158.820	158.912			6
2026.05.25	00:43:33.992	158.819	158.914			6
2026.05.25	00:43:41.815	158.820	158.890			6
2026.05.25	00:43:42.115	158.825	158.891			6
2026.05.25	00:43:43.619	158.824	158.890			6
2026.05.25	00:43:45.427	158.819	158.883			6
2026.05.25	00:43:52.938		158.893			4
2026.05.25	00:43:53.544		158.882			4
2026.05.25	00:44:00.151	158.819				2
2026.05.25	00:44:26.902	158.818				2
2026.05.25	00:44:50.672	158.819	158.916			6
2026.05.25	00:44:50.972	158.818	158.888			6
2026.05.25	00:44:51.573	158.817	158.911			6
2026.05.25	00:44:52.472	158.818				2
2026.05.25	00:44:52.773		158.886			4
2026.05.25	00:44:57.283		158.880			4
2026.05.25	00:45:00.297	158.818				2
2026.05.25	00:45:02.703	158.814				2
2026.05.25	00:45:05.715	158.817				2
2026.05.25	00:45:17.153	158.818				2
2026.05.25	00:45:18.054		158.886			4
2026.05.25	00:45:24.069	158.817				2
2026.05.25	00:45:28.576	158.818				2
2026.05.25	00:45:32.184	158.817				2
2026.05.25	00:45:55.638	158.816				2
2026.05.25	00:46:00.147	158.816				2
2026.05.25	00:46:11.570	158.818	158.902			6
2026.05.25	00:46:38.348	158.814	158.879			6
2026.05.25	00:46:41.357	158.815				2
2026.05.25	00:46:44.664	158.814				2
2026.05.25	00:47:00.298	158.814				2
2026.05.25	00:47:03.002	158.813				2
2026.05.25	00:47:28.872	158.814				2
2026.05.25	00:47:38.495		158.879			4
2026.05.25	00:47:50.845	158.815				2
2026.05.25	00:47:55.063	158.814				2
2026.05.25	00:47:56.566	158.815				2
2026.05.25	00:48:00.174	158.814				2
2026.05.25	00:48:11.909	158.815				2
2026.05.25	00:48:15.826	158.817	158.895			6
2026.05.25	00:48:16.127	158.825				2
2026.05.25	00:48:17.030	158.821	158.903			6
2026.05.25	00:48:21.544	158.815	158.904			6
2026.05.25	00:48:41.388		158.881			4
2026.05.25	00:49:00.045	158.815				2
2026.05.25	00:49:41.582		158.881			4
2026.05.25	00:50:00.257	158.815				2
2026.05.25	00:50:41.771		158.881			4
2026.05.25	00:51:00.137	158.815				2
2026.05.25	00:51:41.949		158.881			4
2026.05.25	00:52:00.019	158.815				2
2026.05.25	00:52:26.468		158.878			4
2026.05.25	00:52:27.371		158.928			4
2026.05.25	00:52:27.970	158.823				2
2026.05.25	00:52:29.472	158.821				2
2026.05.25	00:52:40.632	158.815	158.932			6
2026.05.25	00:52:40.933		158.903			4
2026.05.25	00:52:41.535		158.884			4
2026.05.25	00:52:42.136		158.878			4
2026.05.25	00:52:43.037		158.877			4
2026.05.25	00:52:55.358		158.932			4
2026.05.25	00:52:55.660	158.821	158.934			6
2026.05.25	00:52:56.560		158.933			4
2026.05.25	00:53:00.168	158.821				2
2026.05.25	00:53:06.192		158.932			4
2026.05.25	00:53:08.897		158.933			4
2026.05.25	00:53:10.099	158.815	158.877			6
2026.05.25	00:53:10.400		158.934			4
2026.05.25	00:53:10.705	158.821				2
2026.05.25	00:53:25.463	158.817	158.889			6
2026.05.25	00:53:25.762	158.815	158.881			6
2026.05.25	00:54:00.072	158.815				2
2026.05.25	00:54:24.464		158.878			4
2026.05.25	00:55:00.256	158.815				2
2026.05.25	00:55:24.640		158.878			4
2026.05.25	00:55:48.418		158.880			4
2026.05.25	00:56:00.162	158.815				2
2026.05.25	00:56:38.365		158.881			4
2026.05.25	00:56:53.700	158.835				2
2026.05.25	00:56:54.000	158.850	158.916			6
2026.05.25	00:56:54.299	158.842	158.908			6
2026.05.25	00:56:55.220	158.834	158.900			6
2026.05.25	00:56:56.424	158.833	158.899			6
2026.05.25	00:56:57.324		158.898			4
2026.05.25	00:57:00.044	158.833				2
2026.05.25	00:57:00.342		158.897			4
2026.05.25	00:57:00.940	158.834	158.900			6
2026.05.25	00:57:10.258	158.836	158.902			6
2026.05.25	00:57:11.763	158.839	158.899			6
2026.05.25	00:57:12.362		158.901			4
2026.05.25	00:57:14.171		158.903			4
2026.05.25	00:57:15.071	158.837				2
2026.05.25	00:57:16.274		158.895			4
2026.05.25	00:57:20.482	158.838				2
2026.05.25	00:57:24.397		158.893			4
2026.05.25	00:57:30.412	158.839				2
2026.05.25	00:57:30.711		158.894			4
2026.05.25	00:57:40.352	158.847	158.899			6
2026.05.25	00:57:41.251		158.897			4
2026.05.25	00:57:50.573		158.898			4
2026.05.25	00:57:53.288		158.897			4
2026.05.25	00:57:53.887	158.844				2
2026.05.25	00:58:00.227	158.844				2
2026.05.25	00:58:00.527		158.896			4
2026.05.25	00:58:09.551		158.897			4
2026.05.25	00:58:10.156		158.898			4
2026.05.25	00:58:15.277		158.897			4
2026.05.25	00:58:20.685		158.898			4
2026.05.25	00:58:32.148		158.899			4
2026.05.25	00:58:54.419		158.898			4
2026.05.25	00:59:00.142	158.844				2
2026.05.25	00:59:00.445		158.899			4
2026.05.25	00:59:00.750		158.901			4
2026.05.25	00:59:05.552		158.899			4
2026.05.25	00:59:06.158		158.898			4
2026.05.25	00:59:15.479		158.896			4
2026.05.25	00:59:16.686		158.897			4
2026.05.25	00:59:30.539		158.898			4
2026.05.25	00:59:31.139		158.900			4
2026.05.25	00:59:46.169		158.897			4
2026.05.25	00:59:59.425		158.924			4
2026.05.25	01:00:00.024	158.844				2
2026.05.25	01:00:00.331	158.942	159.050			6
2026.05.25	01:00:00.624	158.913	158.939			6
2026.05.25	01:00:00.926	158.900	158.932			6
2026.05.25	01:00:01.226	158.928	159.000			6
2026.05.25	01:00:01.525	158.906	158.937			6
2026.05.25	01:00:01.825	158.900				2
2026.05.25	01:00:02.427		158.931			4
2026.05.25	01:00:03.026	158.893	158.968			6
2026.05.25	01:00:03.327	158.895	158.966			6
2026.05.25	01:00:03.626	158.894				2
2026.05.25	01:00:03.926		158.967			4
2026.05.25	01:00:04.526	158.935	158.948			6
2026.05.25	01:00:04.828	158.934	158.947			6
2026.05.25	01:00:05.428	158.882	158.990			6
2026.05.25	01:00:05.728	158.880	158.988			6
2026.05.25	01:00:06.028	158.925	158.938			6
2026.05.25	01:00:06.329	158.922				2
2026.05.25	01:00:06.630	158.924	158.940			6
2026.05.25	01:00:06.930	158.928	158.941			6
2026.05.25	01:00:07.230	158.918	158.983			6
2026.05.25	01:00:07.529	158.920	158.981			6
2026.05.25	01:00:07.830	158.934	158.947			6
2026.05.25	01:00:08.130	158.916	158.983			6
2026.05.25	01:00:08.429	158.925	158.938			6
2026.05.25	01:00:08.730	158.924	158.937			6
2026.05.25	01:00:09.630	158.925	158.938			6
2026.05.25	01:00:09.930	158.926	158.939			6
2026.05.25	01:00:10.530	158.924	158.937			6
2026.05.25	01:00:11.132	158.927	158.940			6
2026.05.25	01:00:11.432	158.926	158.939			6
2026.05.25	01:00:11.731	158.925	158.938			6
2026.05.25	01:00:12.632	158.926	158.939			6
2026.05.25	01:00:12.933	158.925	158.938			6
2026.05.25	01:00:13.534	158.926	158.939			6
2026.05.25	01:00:13.834	158.925	158.938			6
2026.05.25	01:00:14.435	158.943	158.956			6
2026.05.25	01:00:14.736	158.916	158.969			6
2026.05.25	01:00:15.035	158.901	158.968			6
2026.05.25	01:00:15.336	158.924	158.937			6
2026.05.25	01:00:15.936	158.925	158.938			6
2026.05.25	01:00:17.438	158.924	158.937			6
2026.05.25	01:00:18.338	158.925	158.938			6
2026.05.25	01:00:19.541	158.927	158.940			6
2026.05.25	01:00:19.841	158.928	158.941			6
2026.05.25	01:00:20.442	158.925	158.938			6
2026.05.25	01:00:20.742		158.937			4
2026.05.25	01:00:21.042	158.926	158.939			6
2026.05.25	01:00:21.346		158.936			4
2026.05.25	01:00:21.643	158.927				2
2026.05.25	01:00:21.943	158.926	158.939			6
2026.05.25	01:00:22.245	158.925	158.938			6
2026.05.25	01:00:23.744	158.927	158.940			6
2026.05.25	01:00:24.345	158.923	158.960			6
2026.05.25	01:00:24.645	158.910	158.953			6
2026.05.25	01:00:24.945	158.911	158.951			6
2026.05.25	01:00:25.245		158.957			4
2026.05.25	01:00:25.546	158.918	158.965			6
2026.05.25	01:00:25.845		158.963			4
2026.05.25	01:00:26.145	158.913				2
2026.05.25	01:00:27.046	158.929	158.942			6
2026.05.25	01:00:27.347	158.927	158.940			6
2026.05.25	01:00:28.848	158.919	158.958			6
2026.05.25	01:00:29.148		158.959			4
2026.05.25	01:00:29.449	158.931	158.944			6
2026.05.25	01:00:29.749	158.932	158.945			6
2026.05.25	01:00:30.049	158.931	158.944			6
2026.05.25	01:00:30.348	158.933	158.946			6
2026.05.25	01:00:30.648	158.935	158.948			6
2026.05.25	01:00:31.548	158.924	158.978			6
2026.05.25	01:00:31.849	158.935	158.948			6
2026.05.25	01:00:32.450	158.939	158.952			6
2026.05.25	01:00:32.749	158.938	158.951			6
2026.05.25	01:00:33.051	158.937	158.950			6
2026.05.25	01:00:33.351	158.938	158.951			6
2026.05.25	01:00:33.652	158.937	158.950			6
2026.05.25	01:00:34.252	158.933	158.966			6
2026.05.25	01:00:34.551	158.934	158.947			6
2026.05.25	01:00:34.853	158.933	158.946			6
2026.05.25	01:00:35.154	158.936	158.949			6
2026.05.25	01:00:36.055	158.937	158.950			6
2026.05.25	01:00:36.354	158.938	158.951			6
2026.05.25	01:00:36.655	158.937	158.950			6
2026.05.25	01:00:37.856	158.938	158.951			6
2026.05.25	01:00:38.156	158.955	158.968			6
2026.05.25	01:00:38.455	158.937	158.950			6
2026.05.25	01:00:40.259	158.938	158.947			6
2026.05.25	01:00:40.558	158.940	158.949			6
2026.05.25	01:00:40.859	158.938	158.947			6
2026.05.25	01:00:41.461	158.928	158.974			6
2026.05.25	01:00:41.761	158.938	158.947			6
2026.05.25	01:00:42.663	158.937	158.946			6
2026.05.25	01:00:43.565	158.958	158.965			6
2026.05.25	01:00:43.865	158.937	158.946			6
2026.05.25	01:00:44.765	158.961	158.970			6
2026.05.25	01:00:45.066	158.960	158.969			6
2026.05.25	01:00:45.666	158.955	158.964			6
2026.05.25	01:00:46.266	158.954	158.963			6
2026.05.25	01:00:46.567	158.959	158.968			6
2026.05.25	01:00:47.468	158.961				2
2026.05.25	01:00:48.067		158.970			4
2026.05.25	01:00:48.367	158.964	158.971			6
2026.05.25	01:00:49.868		158.972			4
2026.05.25	01:00:50.169	158.963				2
2026.05.25	01:00:51.069	158.962	158.968			6
2026.05.25	01:00:52.271	158.963				2
2026.05.25	01:00:52.569	158.952	158.961			6
2026.05.25	01:00:52.871	158.946	158.955			6
2026.05.25	01:00:53.172	158.953	158.962			6
2026.05.25	01:00:53.773	158.944	158.953			6
2026.05.25	01:00:54.373	158.947	158.956			6
2026.05.25	01:00:54.675	158.943	158.952			6
2026.05.25	01:00:54.972	158.946	158.955			6
2026.05.25	01:00:55.274	158.954	158.963			6
2026.05.25	01:00:55.573	158.952	158.961			6
2026.05.25	01:00:56.474	158.951	158.960			6
2026.05.25	01:00:57.374	158.950	158.959			6
2026.05.25	01:00:57.675	158.951	158.960			6
2026.05.25	01:00:58.274	158.945	158.953			6
2026.05.25	01:00:58.575	158.944				2
2026.05.25	01:00:58.875	158.945	158.954			6
2026.05.25	01:00:59.175	158.950	158.959			6
2026.05.25	01:00:59.776	158.946	158.955			6
2026.05.25	01:01:00.078	158.949	158.958			6
2026.05.25	01:01:00.381	158.945	158.954			6
2026.05.25	01:01:00.978	158.948	158.957			6
2026.05.25	01:01:01.277	158.949	158.958			6
2026.05.25	01:01:02.183	158.951	158.960			6
2026.05.25	01:01:02.478	158.953	158.962			6
2026.05.25	01:01:02.779	158.950	158.959			6
2026.05.25	01:01:03.080	158.952	158.961			6
2026.05.25	01:01:03.378	158.947	158.956			6
2026.05.25	01:01:03.978	158.949				2
2026.05.25	01:01:04.279	158.939	158.945			6
2026.05.25	01:01:04.580	158.938				2
2026.05.25	01:01:05.180		158.944			4
2026.05.25	01:01:05.480		158.946			4
2026.05.25	01:01:05.782	158.937				2
2026.05.25	01:01:06.081		158.944			4
2026.05.25	01:01:06.381	158.942	158.951			6
2026.05.25	01:01:06.682	158.948	158.957			6
2026.05.25	01:01:07.283		158.951			4
2026.05.25	01:01:07.582	158.947				2
2026.05.25	01:01:08.784		158.956			4
2026.05.25	01:01:09.083	158.948	158.957			6
2026.05.25	01:01:09.684	158.944	158.949			6
2026.05.25	01:01:09.985	158.941	158.942			6
2026.05.25	01:01:10.286	158.933	158.938			6
2026.05.25	01:01:11.185	158.932	158.941			6
2026.05.25	01:01:11.486		158.940			4
2026.05.25	01:01:11.786		158.939			4
2026.05.25	01:01:12.087		158.941			4
2026.05.25	01:01:12.387	158.933	158.939			6
2026.05.25	01:01:12.987	158.934				2
2026.05.25	01:01:13.287	158.933				2
2026.05.25	01:01:13.588	158.937	158.943			6
2026.05.25	01:01:13.888	158.939				2
2026.05.25	01:01:14.188	158.941	158.949			6
2026.05.25	01:01:14.488	158.943				2
2026.05.25	01:01:14.788	158.944				2
2026.05.25	01:01:15.088	158.943				2
2026.05.25	01:01:15.389	158.944				2
2026.05.25	01:01:15.691	158.940	158.943			6
2026.05.25	01:01:15.991	158.939				2
2026.05.25	01:01:17.492		158.946			4
2026.05.25	01:01:19.297		158.944			4
2026.05.25	01:01:23.199	158.941	158.942			6
2026.05.25	01:01:23.499	158.939	158.940			6
2026.05.25	01:01:24.400	158.938	158.939			6
2026.05.25	01:01:26.502	158.939	158.941			6
2026.05.25	01:01:26.802	158.927	158.928			6
2026.05.25	01:01:27.104	158.922	158.923			6
2026.05.25	01:01:27.404	158.921	158.922			6
2026.05.25	01:01:27.704	158.920	158.921			6
2026.05.25	01:01:28.005	158.919	158.920			6
2026.05.25	01:01:28.305		158.921			4
2026.05.25	01:01:28.605		158.923			4
2026.05.25	01:01:29.807	158.921	158.925			6
2026.05.25	01:01:30.406	158.916	158.919			6
2026.05.25	01:01:30.707	158.918	158.920			6
2026.05.25	01:01:31.007	158.919	158.921			6
2026.05.25	01:01:31.307		158.925			4
2026.05.25	01:01:33.411	158.918				2
2026.05.25	01:01:33.713	158.911	158.916			6
2026.05.25	01:01:34.013	158.909				2
2026.05.25	01:01:36.115	158.912	158.920			6
2026.05.25	01:01:36.416		158.918			4
2026.05.25	01:01:36.715	158.910				2
2026.05.25	01:01:37.016	158.913	158.920			6
2026.05.25	01:01:38.818	158.911	158.918			6
2026.05.25	01:01:39.117	158.907	158.916			6
2026.05.25	01:01:39.418	158.915	158.924			6
2026.05.25	01:01:39.719		158.923			4
2026.05.25	01:01:40.021	158.913	158.922			6
2026.05.25	01:01:40.321	158.914	158.923			6
2026.05.25	01:01:40.622	158.916	158.925			6
2026.05.25	01:01:40.922	158.920	158.926			6
2026.05.25	01:01:41.522	158.921	158.930			6
2026.05.25	01:01:41.822	158.928	158.937			6
2026.05.25	01:01:42.723	158.937	158.946			6
2026.05.25	01:01:43.022	158.939	158.948			6
2026.05.25	01:01:56.838	158.930	158.939			6
2026.05.25	01:01:57.137	158.929	158.938			6
2026.05.25	01:01:57.737	158.930	158.939			6
2026.05.25	01:01:59.238	158.921	158.930			6
2026.05.25	01:02:00.138	158.921				2
2026.05.25	01:02:01.939	158.922	158.931			6
2026.05.25	01:02:02.539	158.921	158.930			6
2026.05.25	01:02:03.739	158.930	158.939			6
2026.05.25	01:02:07.943		158.938			4
2026.05.25	01:02:09.144	158.931				2
2026.05.25	01:02:09.445	158.930				2
2026.05.25	01:02:10.045	158.929				2
2026.05.25	01:02:10.947	158.930				2
2026.05.25	01:02:13.948	158.929				2
2026.05.25	01:02:14.848	158.930				2
2026.05.25	01:02:15.448	158.929				2
2026.05.25	01:02:16.048	158.925				2
2026.05.25	01:02:16.348	158.928	158.941			6
2026.05.25	01:02:16.650	158.929	158.942			6
2026.05.25	01:02:17.850	158.934				2
2026.05.25	01:02:19.652	158.933	158.940			6
2026.05.25	01:02:23.559	158.931				2
2026.05.25	01:02:24.464	158.932	158.941			6
2026.05.25	01:02:25.065		158.940			4
2026.05.25	01:02:25.364	158.931				2
2026.05.25	01:02:25.964	158.932	158.941			6
2026.05.25	01:02:26.265	158.931	158.940			6
2026.05.25	01:02:28.066	158.932	158.941			6
2026.05.25	01:02:29.866	158.933	158.942			6
2026.05.25	01:02:30.467	158.934	158.943			6
2026.05.25	01:02:34.071	158.935	158.944			6
2026.05.25	01:02:35.573	158.934	158.943			6
2026.05.25	01:02:42.485	158.936				2
2026.05.25	01:02:42.788	158.935	158.939			6
2026.05.25	01:02:43.085	158.933				2
2026.05.25	01:02:44.586	158.925	158.932			6
2026.05.25	01:02:45.186	158.920	158.926			6
2026.05.25	01:02:45.487		158.927			4
2026.05.25	01:02:46.093		158.923			4
2026.05.25	01:02:46.390	158.916	158.921			6
2026.05.25	01:02:46.689	158.915				2
2026.05.25	01:02:48.792	158.907	158.913			6
2026.05.25	01:02:49.092	158.906	158.914			6
2026.05.25	01:02:49.393	158.905				2
2026.05.25	01:02:49.692	158.906	158.915			6
2026.05.25	01:02:50.293	158.911	158.920			6
2026.05.25	01:02:50.595	158.912	158.921			6
2026.05.25	01:02:51.194	158.909	158.918			6
2026.05.25	01:02:51.494	158.905	158.914			6
2026.05.25	01:02:55.697	158.891	158.900			6
2026.05.25	01:02:55.998	158.883	158.891			6
2026.05.25	01:02:56.297	158.888	158.897			6
2026.05.25	01:02:56.597	158.890	158.899			6
2026.05.25	01:02:57.799	158.886	158.895			6
2026.05.25	01:03:00.201	158.886				2
2026.05.25	01:03:00.502	158.876	158.885			6
2026.05.25	01:03:00.803	158.878	158.887			6
2026.05.25	01:03:01.403	158.874	158.883			6
2026.05.25	01:03:01.703	158.873	158.882			6
2026.05.25	01:03:02.602		158.878			4
2026.05.25	01:03:02.903	158.865	158.874			6
2026.05.25	01:03:03.202	158.866	158.875			6
2026.05.25	01:03:03.503	158.854	158.863			6
2026.05.25	01:03:03.804	158.855	158.864			6
2026.05.25	01:03:04.103	158.853	158.862			6
2026.05.25	01:03:05.004	158.854	158.863			6
2026.05.25	01:03:07.407		158.862			4
2026.05.25	01:03:07.707	158.856	158.864			6
2026.05.25	01:03:08.007	158.864	158.872			6
2026.05.25	01:03:08.308	158.866	158.875			6
2026.05.25	01:03:08.608	158.867	158.876			6
2026.05.25	01:03:08.908	158.870	158.879			6
2026.05.25	01:03:09.209	158.872	158.881			6
2026.05.25	01:03:09.812	158.878	158.887			6
2026.05.25	01:03:10.109	158.880	158.889			6
2026.05.25	01:03:12.211	158.885	158.891			6
2026.05.25	01:03:12.811	158.887	158.896			6
2026.05.25	01:03:13.412		158.895			4
2026.05.25	01:03:13.713		158.896			4
2026.05.25	01:03:14.014	158.897	158.906			6
2026.05.25	01:03:14.314	158.901	158.910			6
2026.05.25	01:03:17.018	158.905	158.914			6
2026.05.25	01:03:17.318	158.906	158.915			6
2026.05.25	01:03:17.918	158.902	158.911			6
2026.05.25	01:03:18.520	158.903	158.912			6
2026.05.25	01:03:19.122	158.902	158.911			6
2026.05.25	01:03:19.423	158.906	158.915			6
2026.05.25	01:03:19.723	158.909	158.918			6
2026.05.25	01:03:20.025	158.906	158.915			6
2026.05.25	01:03:20.326		158.914			4
2026.05.25	01:03:20.625	158.908	158.916			6
2026.05.25	01:03:23.027	158.909	158.917			6
2026.05.25	01:03:23.629	158.904	158.912			6
2026.05.25	01:03:24.529	158.903	158.911			6
2026.05.25	01:03:24.828	158.904	158.912			6
2026.05.25	01:03:33.542	158.903	158.911			6
2026.05.25	01:03:33.842	158.904	158.912			6
2026.05.25	01:03:34.442	158.891	158.892			6
2026.05.25	01:03:34.741	158.875	158.883			6
2026.05.25	01:03:35.342	158.871	158.878			6
2026.05.25	01:03:35.643	158.869	158.877			6
2026.05.25	01:03:35.944	158.868	158.876			6
2026.05.25	01:03:36.243	158.867	158.875			6
2026.05.25	01:03:37.445	158.868	158.876			6
2026.05.25	01:03:37.745	158.866	158.874			6
2026.05.25	01:03:38.345	158.872	158.880			6
2026.05.25	01:03:38.945	158.869	158.877			6
2026.05.25	01:03:39.547	158.876	158.884			6
2026.05.25	01:03:39.847	158.878	158.886			6
2026.05.25	01:03:40.147	158.877	158.885			6
2026.05.25	01:03:40.748	158.878	158.886			6
2026.05.25	01:03:41.048	158.879	158.887			6
2026.05.25	01:03:41.347	158.880	158.888			6
2026.05.25	01:03:42.249	158.879	158.887			6
2026.05.25	01:03:42.549	158.884	158.892			6
2026.05.25	01:03:42.849	158.887	158.895			6
2026.05.25	01:03:43.150	158.883	158.891			6
2026.05.25	01:03:46.152	158.886	158.894			6
2026.05.25	01:03:46.451	158.884	158.892			6
2026.05.25	01:03:46.753	158.883	158.891			6
2026.05.25	01:03:48.252	158.882	158.890			6
2026.05.25	01:03:48.553	158.883	158.891			6
2026.05.25	01:03:50.657	158.882	158.890			6
2026.05.25	01:03:50.957	158.883	158.891			6
2026.05.25	01:03:52.462	158.884				2
2026.05.25	01:03:52.762		158.892			4
2026.05.25	01:03:54.564	158.883	158.891			6
2026.05.25	01:04:00.272	158.883				2
2026.05.25	01:04:00.871	158.882	158.890			6
2026.05.25	01:04:01.172	158.876	158.884			6
2026.05.25	01:04:01.471	158.866	158.874			6
2026.05.25	01:04:02.072	158.868	158.876			6
2026.05.25	01:04:02.372	158.865	158.873			6
2026.05.25	01:04:02.673	158.863	158.871			6
2026.05.25	01:04:03.873	158.866	158.874			6
2026.05.25	01:04:04.174	158.876	158.884			6
2026.05.25	01:04:05.676	158.877	158.885			6
2026.05.25	01:04:08.678	158.881	158.889			6
2026.05.25	01:04:08.978	158.870	158.878			6
2026.05.25	01:04:10.179	158.875	158.883			6
2026.05.25	01:04:10.479	158.881	158.889			6
2026.05.25	01:04:11.981	158.880	158.888			6
2026.05.25	01:04:12.280	158.879	158.887			6
2026.05.25	01:04:13.180	158.875	158.883			6
2026.05.25	01:04:13.481	158.876	158.884			6
2026.05.25	01:04:13.781	158.880	158.888			6
2026.05.25	01:04:14.081	158.881	158.889			6
2026.05.25	01:04:14.382	158.873	158.881			6
2026.05.25	01:04:14.682	158.872	158.880			6
2026.05.25	01:04:14.982	158.867	158.875			6
2026.05.25	01:04:15.282	158.866	158.874			6
2026.05.25	01:04:15.581	158.867	158.875			6
2026.05.25	01:04:16.784	158.868	158.876			6
2026.05.25	01:04:17.384		158.875			4
2026.05.25	01:04:22.789	158.866	158.873			6
2026.05.25	01:04:23.691	158.868	158.875			6
2026.05.25	01:04:23.990	158.867	158.874			6
2026.05.25	01:04:24.893	158.868	158.875			6
2026.05.25	01:04:27.595	158.867	158.874			6
2026.05.25	01:04:29.097	158.868	158.875			6
2026.05.25	01:04:29.397	158.867	158.874			6
2026.05.25	01:04:30.597	158.868	158.875			6
2026.05.25	01:04:30.898	158.867	158.874			6
2026.05.25	01:04:31.798	158.866	158.873			6
2026.05.25	01:04:32.399	158.868	158.875			6
2026.05.25	01:04:32.699	158.867	158.874			6
2026.05.25	01:04:34.203	158.868	158.875			6
2026.05.25	01:04:34.505	158.865	158.872			6
2026.05.25	01:04:36.310	158.864	158.871			6
2026.05.25	01:04:36.610	158.865	158.872			6
2026.05.25	01:04:37.211	158.867	158.874			6
2026.05.25	01:04:37.510	158.868	158.875			6
2026.05.25	01:04:41.117	158.874	158.881			6
2026.05.25	01:04:43.519	158.873	158.880			6
2026.05.25	01:04:46.525	158.875	158.882			6
2026.05.25	01:04:47.125	158.874	158.881			6
2026.05.25	01:04:48.629		158.880			4
2026.05.25	01:04:49.530	158.873				2
2026.05.25	01:04:51.332		158.879			4
2026.05.25	01:04:54.638	158.875	158.881			6
2026.05.25	01:04:54.936	158.876	158.882			6
2026.05.25	01:04:55.237	158.875	158.881			6
2026.05.25	01:04:56.438	158.876	158.882			6
2026.05.25	01:04:57.340	158.875	158.881			6
2026.05.25	01:04:57.640	158.876	158.882			6
2026.05.25	01:04:58.843	158.875	158.881			6
2026.05.25	01:05:00.044	158.875				2
2026.05.25	01:05:00.346	158.876	158.882			6
2026.05.25	01:05:00.646	158.861	158.867			6
2026.05.25	01:05:00.944	158.858	158.864			6
2026.05.25	01:05:01.244	158.857	158.863			6
2026.05.25	01:05:01.545	158.854	158.860			6
2026.05.25	01:05:01.845	158.853	158.859			6
2026.05.25	01:05:03.047	158.854	158.860			6
2026.05.25	01:05:03.346	158.851	158.857			6
2026.05.25	01:05:03.647	158.853	158.859			6
2026.05.25	01:05:04.247	158.852	158.858			6
2026.05.25	01:05:04.548	158.854	158.860			6
2026.05.25	01:05:05.448	158.850	158.856			6
2026.05.25	01:05:05.750	158.854	158.860			6
2026.05.25	01:05:06.048	158.867	158.873			6
2026.05.25	01:05:06.350	158.862	158.868			6
2026.05.25	01:05:09.352	158.860	158.866			6
2026.05.25	01:05:09.652	158.861	158.867			6
2026.05.25	01:05:13.255	158.859	158.865			6
2026.05.25	01:05:14.458	158.858	158.864			6
2026.05.25	01:05:14.758	158.859	158.865			6
2026.05.25	01:05:15.960	158.860	158.866			6
2026.05.25	01:05:18.361	158.857	158.863			6
2026.05.25	01:05:18.662	158.856	158.862			6
2026.05.25	01:05:19.563	158.855	158.861			6
2026.05.25	01:05:21.364	158.853	158.859			6
2026.05.25	01:05:21.966	158.840	158.846			6
2026.05.25	01:05:22.265	158.843	158.848			6
2026.05.25	01:05:22.566	158.845	158.851			6
2026.05.25	01:05:23.768	158.850	158.855			6
2026.05.25	01:05:24.068	158.837	158.843			6
2026.05.25	01:05:24.368	158.836	158.842			6
2026.05.25	01:05:25.570	158.835	158.840			6
2026.05.25	01:05:27.374	158.836				2
2026.05.25	01:05:27.672		158.841			4
2026.05.25	01:05:29.175	158.835				2
2026.05.25	01:05:30.076	158.837	158.842			6
2026.05.25	01:05:30.677		158.843			4
2026.05.25	01:05:33.080	158.839	158.845			6
2026.05.25	01:05:35.182		158.844			4
2026.05.25	01:05:39.690	158.844	158.849			6
2026.05.25	01:05:39.990	158.847	158.852			6
2026.05.25	01:05:43.293	158.846	158.851			6
2026.05.25	01:05:44.495	158.844	158.849			6
2026.05.25	01:05:44.795	158.843	158.848			6
2026.05.25	01:05:45.096	158.845	158.850			6
2026.05.25	01:05:46.297	158.846	158.851			6
2026.05.25	01:05:46.898	158.843	158.848			6
2026.05.25	01:05:48.701	158.840	158.845			6
2026.05.25	01:05:48.999	158.844				2
2026.05.25	01:05:49.300	158.846	158.851			6
2026.05.25	01:05:50.200	158.845	158.850			6
2026.05.25	01:05:50.500	158.841	158.846			6
2026.05.25	01:05:52.302	158.840	158.845			6
2026.05.25	01:05:52.902	158.845	158.850			6
2026.05.25	01:05:53.203	158.840	158.845			6
2026.05.25	01:05:53.503	158.839	158.844			6
2026.05.25	01:05:54.405	158.840	158.845			6
2026.05.25	01:05:54.706	158.842	158.846			6
2026.05.25	01:05:55.007	158.841				2
2026.05.25	01:05:55.308	158.840	158.845			6
2026.05.25	01:05:55.911	158.843	158.848			6
2026.05.25	01:05:56.209	158.845	158.850			6
2026.05.25	01:05:56.509	158.846	158.851			6
2026.05.25	01:05:56.809	158.845	158.850			6
2026.05.25	01:05:59.514	158.844	158.849			6
2026.05.25	01:06:00.115	158.844				2
2026.05.25	01:06:00.416	158.848	158.850			6
2026.05.25	01:06:00.715	158.855	158.860			6
2026.05.25	01:06:01.616	158.854	158.859			6
2026.05.25	01:06:07.626	158.853	158.858			6
2026.05.25	01:06:08.827	158.854	158.857			6
2026.05.25	01:06:09.126	158.856	158.861			6
2026.05.25	01:06:10.333	158.866	158.871			6
2026.05.25	01:06:10.634	158.867	158.872			6
2026.05.25	01:06:13.938	158.868	158.873			6
2026.05.25	01:06:14.238	158.866	158.871			6
2026.05.25	01:06:14.538	158.865	158.870			6
2026.05.25	01:06:16.338	158.866	158.871			6
2026.05.25	01:06:17.842		158.870			4
2026.05.25	01:06:18.445	158.869	158.873			6
2026.05.25	01:06:18.747	158.868	158.872			6
2026.05.25	01:06:19.947	158.865	158.868			6
2026.05.25	01:06:20.247	158.864	158.867			6
2026.05.25	01:06:20.547	158.865				2
2026.05.25	01:06:20.847		158.868			4
2026.05.25	01:06:22.049	158.869	158.872			6
2026.05.25	01:06:22.349	158.866	158.868			6
2026.05.25	01:06:22.649		158.867			4
2026.05.25	01:06:23.250	158.867	158.871			6
2026.05.25	01:06:23.550	158.866	158.870			6
2026.05.25	01:06:23.849	158.865	158.868			6
2026.05.25	01:06:24.150	158.867				2
2026.05.25	01:06:24.751	158.864	158.867			6
2026.05.25	01:06:25.051		158.866			4
2026.05.25	01:06:27.453	158.854	158.856			6
2026.05.25	01:06:27.752		158.855			4
2026.05.25	01:06:31.961		158.857			4
2026.05.25	01:06:32.564		158.856			4
2026.05.25	01:06:34.064	158.852				2
2026.05.25	01:06:34.365		158.855			4
2026.05.25	01:06:35.267		158.854			4
2026.05.25	01:06:35.566	158.849	158.852			6
2026.05.25	01:06:35.866	158.851	158.853			6
2026.05.25	01:06:38.567	158.846	158.850			6
2026.05.25	01:06:38.868	158.844	158.848			6
2026.05.25	01:06:39.768	158.845	158.849			6
2026.05.25	01:06:42.171	158.844	158.848			6
2026.05.25	01:06:42.470	158.845	158.849			6
2026.05.25	01:06:47.876	158.852	158.853			6
2026.05.25	01:06:57.189	158.855	158.857			6
2026.05.25	01:06:57.490		158.858			4
2026.05.25	01:07:00.195	158.855				2
2026.05.25	01:07:00.495	158.854	158.856			6
2026.05.25	01:07:00.795	158.852	158.854			6
2026.05.25	01:07:03.801	158.850	158.851			6
2026.05.25	01:07:15.221	158.851	158.852			6
2026.05.25	01:07:28.741	158.852	158.853			6
2026.05.25	01:07:31.145	158.851	158.852			6
2026.05.25	01:07:39.255	158.850	158.851			6
2026.05.25	01:07:40.457	158.851	158.852			6
2026.05.25	01:07:42.559	158.850	158.851			6
2026.05.25	01:07:44.661	158.851	158.852			6
2026.05.25	01:07:48.865	158.852	158.853			6
2026.05.25	01:07:49.766	158.851	158.852			6
2026.05.25	01:07:52.171	158.852	158.853			6
2026.05.25	01:07:52.471	158.844	158.846			6
2026.05.25	01:07:52.772	158.840	158.842			6
2026.05.25	01:07:54.574		158.841			4
2026.05.25	01:07:55.777	158.841	158.842			6
2026.05.25	01:07:57.277	158.840	158.841			6
2026.05.25	01:07:57.879		158.842			4
2026.05.25	01:07:58.179		158.841			4
2026.05.25	01:07:59.083	158.839	158.840			6
2026.05.25	01:08:00.284	158.839				2
2026.05.25	01:08:00.584	158.840	158.841			6
2026.05.25	01:08:16.811	158.841	158.842			6
2026.05.25	01:08:17.718	158.840	158.841			6
2026.05.25	01:08:18.321	158.841	158.842			6
2026.05.25	01:08:19.823	158.847	158.848			6
2026.05.25	01:08:20.123	158.849	158.850			6
2026.05.25	01:08:25.244	158.848	158.849			6
2026.05.25	01:08:26.445	158.849	158.850			6
2026.05.25	01:08:30.951	158.848	158.849			6
2026.05.25	01:08:36.660	158.849	158.850			6
2026.05.25	01:08:37.562	158.848	158.849			6
2026.05.25	01:08:38.764	158.849	158.850			6
2026.05.25	01:08:44.471	158.847	158.848			6
2026.05.25	01:08:52.580	158.840	158.841			6
2026.05.25	01:08:53.784	158.836	158.837			6
2026.05.25	01:08:54.084	158.835	158.836			6
2026.05.25	01:08:54.384	158.834	158.835			6
2026.05.25	01:08:54.685	158.831	158.832			6
2026.05.25	01:08:54.984	158.829	158.830			6
2026.05.25	01:08:55.285	158.828	158.829			6
2026.05.25	01:08:55.584	158.827	158.828			6
2026.05.25	01:08:55.884	158.833	158.834			6
2026.05.25	01:08:56.185	158.836	158.837			6
2026.05.25	01:08:56.486	158.835	158.836			6
2026.05.25	01:08:58.595	158.834	158.835			6
2026.05.25	01:08:58.896	158.836	158.837			6
2026.05.25	01:08:59.196	158.839	158.840			6
2026.05.25	01:09:00.097	158.838	158.839			6
2026.05.25	01:09:03.999	158.839	158.840			6
2026.05.25	01:09:05.501	158.835	158.836			6
2026.05.25	01:09:07.304	158.837	158.838			6
2026.05.25	01:09:07.605	158.839	158.840			6
2026.05.25	01:09:10.911	158.840	158.841			6
2026.05.25	01:09:11.514	158.839	158.840			6
2026.05.25	01:09:15.117	158.840	158.841			6
2026.05.25	01:09:15.718	158.839	158.840			6
2026.05.25	01:09:19.925	158.840	158.841			6
2026.05.25	01:09:20.226	158.839	158.840			6
2026.05.25	01:09:20.825	158.836	158.837			6
2026.05.25	01:09:21.726	158.835	158.836			6
2026.05.25	01:09:24.132	158.836	158.837			6
2026.05.25	01:09:24.732	158.835	158.836			6
2026.05.25	01:09:26.235	158.833	158.834			6
2026.05.25	01:09:26.535	158.829	158.830			6
2026.05.25	01:09:28.038	158.830	158.831			6
2026.05.25	01:09:28.339	158.832	158.833			6
2026.05.25	01:09:28.639	158.831	158.832			6
2026.05.25	01:09:29.539	158.837	158.838			6
2026.05.25	01:09:29.840	158.839	158.840			6
2026.05.25	01:09:35.846	158.833	158.834			6
2026.05.25	01:09:36.146	158.828	158.829			6
2026.05.25	01:09:36.448	158.829	158.830			6
2026.05.25	01:09:37.347	158.828	158.829			6
2026.05.25	01:09:37.948	158.826	158.827			6
2026.05.25	01:09:39.149	158.827	158.828			6
2026.05.25	01:09:40.350	158.828	158.829			6
2026.05.25	01:09:41.251	158.829	158.830			6
2026.05.25	01:09:41.551	158.827	158.828			6
2026.05.25	01:09:42.451	158.826	158.827			6
2026.05.25	01:09:48.156	158.830	158.831			6
2026.05.25	01:09:48.458	158.828	158.829			6
2026.05.25	01:09:49.057	158.829	158.830			6
2026.05.25	01:09:50.557	158.828	158.829			6
2026.05.25	01:09:52.060	158.829	158.830			6
2026.05.25	01:09:52.362	158.827	158.828			6
2026.05.25	01:09:53.563	158.826	158.827			6
2026.05.25	01:09:59.869	158.840	158.841			6
2026.05.25	01:10:00.168	158.840				2
2026.05.25	01:10:00.469	158.841	158.842			6
2026.05.25	01:10:01.371	158.850	158.851			6
2026.05.25	01:10:03.772	158.851	158.852			6
2026.05.25	01:10:09.777	158.852	158.853			6
2026.05.25	01:10:11.881	158.851	158.852			6
2026.05.25	01:10:12.783	158.852	158.853			6
2026.05.25	01:10:13.081	158.853	158.854			6
2026.05.25	01:10:15.183	158.863	158.864			6
2026.05.25	01:10:15.483	158.864	158.865			6
2026.05.25	01:10:21.490	158.855	158.856			6
2026.05.25	01:10:21.790	158.856	158.857			6
2026.05.25	01:10:22.393	158.855	158.856			6
2026.05.25	01:10:25.393	158.854	158.855			6
2026.05.25	01:10:26.594	158.853	158.854			6
2026.05.25	01:10:26.894	158.854	158.855			6
2026.05.25	01:10:27.495	158.858	158.859			6
2026.05.25	01:10:27.794	158.859	158.860			6
2026.05.25	01:10:28.094	158.858	158.859			6
2026.05.25	01:10:29.596	158.868	158.869			6
2026.05.25	01:10:29.896	158.867	158.868			6
2026.05.25	01:10:30.796	158.866	158.867			6
2026.05.25	01:10:32.597	158.870	158.871			6
2026.05.25	01:10:32.898	158.871	158.872			6
2026.05.25	01:10:33.198	158.866	158.867			6
2026.05.25	01:10:34.400	158.865	158.866			6
2026.05.25	01:10:37.400	158.866	158.867			6
2026.05.25	01:10:37.700	158.865	158.866			6
2026.05.25	01:10:38.001	158.866	158.867			6
2026.05.25	01:10:40.406	158.865	158.866			6
2026.05.25	01:10:41.613	158.878	158.879			6
2026.05.25	01:10:43.118	158.879	158.880			6
2026.05.25	01:10:43.419	158.878	158.879			6
2026.05.25	01:10:44.020	158.879	158.880			6
2026.05.25	01:10:49.125	158.878	158.879			6
2026.05.25	01:10:50.930	158.876	158.877			6
2026.05.25	01:10:51.229	158.873	158.874			6
2026.05.25	01:10:51.529	158.872	158.873			6
2026.05.25	01:10:52.432	158.869	158.870			6
2026.05.25	01:10:52.731	158.867	158.868			6
2026.05.25	01:10:54.536	158.869	158.870			6
2026.05.25	01:10:54.835	158.876	158.877			6
2026.05.25	01:10:55.137	158.877	158.878			6
2026.05.25	01:10:55.437	158.876	158.877			6
2026.05.25	01:10:58.439	158.877	158.878			6
2026.05.25	01:11:00.245	158.877				2
2026.05.25	01:11:00.844	158.876	158.877			6
2026.05.25	01:11:02.045	158.866	158.867			6
2026.05.25	01:11:04.147	158.867	158.868			6
2026.05.25	01:11:05.948	158.866	158.867			6
2026.05.25	01:11:07.149	158.867	158.868			6
2026.05.25	01:11:07.750	158.865	158.866			6
2026.05.25	01:11:08.049	158.866	158.867			6
2026.05.25	01:11:10.455	158.865	158.866			6
2026.05.25	01:11:10.756	158.866	158.867			6
2026.05.25	01:11:13.760	158.865	158.866			6
2026.05.25	01:11:15.865	158.866	158.867			6
2026.05.25	01:11:16.465	158.865	158.866			6
2026.05.25	01:11:18.267	158.866	158.867			6
2026.05.25	01:11:23.372	158.870	158.871			6
2026.05.25	01:11:23.672	158.867	158.868			6
2026.05.25	01:11:23.973	158.866	158.867			6
2026.05.25	01:11:24.874	158.871	158.872			6
2026.05.25	01:11:25.174	158.876	158.877			6
2026.05.25	01:11:25.473	158.877	158.878			6
2026.05.25	01:11:50.712	158.879	158.880			6
2026.05.25	01:11:51.614	158.878	158.879			6
2026.05.25	01:11:53.121	158.881	158.882			6
2026.05.25	01:11:53.421	158.878	158.879			6
2026.05.25	01:11:54.621	158.884	158.885			6
2026.05.25	01:11:54.922	158.885	158.886			6
2026.05.25	01:11:55.823	158.883	158.884			6
2026.05.25	01:11:56.124	158.879	158.880			6
2026.05.25	01:11:57.325	158.878	158.879			6
2026.05.25	01:12:00.031	158.879	158.880			6
2026.05.25	01:12:01.534	158.884	158.885			6
2026.05.25	01:12:02.435	158.882	158.883			6
2026.05.25	01:12:02.735	158.881	158.882			6
2026.05.25	01:12:03.036	158.880	158.881			6
2026.05.25	01:12:03.937	158.886	158.887			6
2026.05.25	01:12:05.139	158.885	158.886			6
2026.05.25	01:12:05.741	158.879	158.880			6
2026.05.25	01:12:09.646	158.881	158.882			6
2026.05.25	01:12:10.247	158.884	158.885			6
2026.05.25	01:12:10.847	158.885	158.886			6
2026.05.25	01:12:11.447	158.879	158.880			6
2026.05.25	01:12:11.748	158.880	158.881			6
2026.05.25	01:12:13.852	158.879	158.880			6
2026.05.25	01:12:15.654	158.880	158.881			6
2026.05.25	01:12:18.656	158.879	158.880			6
2026.05.25	01:12:19.257	158.880	158.881			6
2026.05.25	01:12:19.559	158.879	158.880			6
2026.05.25	01:12:20.762	158.880	158.881			6
2026.05.25	01:12:22.862	158.873	158.874			6
2026.05.25	01:12:23.161	158.874	158.875			6
2026.05.25	01:12:23.761	158.877	158.878			6
2026.05.25	01:12:24.064	158.878	158.879			6
2026.05.25	01:12:24.964	158.877	158.878			6
2026.05.25	01:12:25.865	158.878	158.879			6
2026.05.25	01:12:26.467	158.879	158.880			6
2026.05.25	01:12:30.977	158.878	158.879			6
2026.05.25	01:12:34.580	158.877	158.878			6
2026.05.25	01:12:40.290	158.878	158.879			6
2026.05.25	01:12:45.397	158.877	158.878			6
2026.05.25	01:12:46.599	158.874	158.875			6
2026.05.25	01:12:46.899	158.872	158.873			6
2026.05.25	01:12:55.620	158.871	158.872			6
2026.05.25	01:13:00.127	158.872	158.873			6
2026.05.25	01:13:02.831	158.871	158.872			6
2026.05.25	01:13:04.033	158.872	158.873			6
2026.05.25	01:13:04.335	158.866	158.867			6
2026.05.25	01:13:04.634	158.865	158.866			6
2026.05.25	01:13:04.935	158.866	158.867			6
2026.05.25	01:13:05.835	158.865	158.866			6
2026.05.25	01:13:11.542	158.872	158.873			6
2026.05.25	01:13:12.144	158.870	158.871			6
2026.05.25	01:13:12.745	158.871	158.872			6
2026.05.25	01:13:13.348	158.870	158.871			6
2026.05.25	01:13:19.056	158.871	158.872			6
2026.05.25	01:13:22.964	158.877	158.878			6
2026.05.25	01:13:32.280	158.878	158.879			6
2026.05.25	01:13:33.179	158.877	158.878			6
2026.05.25	01:13:36.784	158.865	158.866			6
2026.05.25	01:13:37.083	158.862	158.863			6
2026.05.25	01:13:40.086	158.863	158.864			6
2026.05.25	01:13:40.386	158.862	158.863			6
2026.05.25	01:13:41.587	158.863	158.864			6
2026.05.25	01:13:45.196	158.862	158.863			6
2026.05.25	01:13:46.096	158.863	158.864			6
2026.05.25	01:13:49.699	158.862	158.863			6
2026.05.25	01:13:51.802	158.863	158.864			6
2026.05.25	01:13:53.605	158.862	158.863			6
2026.05.25	01:13:54.507	158.863	158.864			6
2026.05.25	01:14:00.214	158.863				2
2026.05.25	01:14:01.714	158.864	158.865			6
2026.05.25	01:14:07.721	158.863	158.864			6
2026.05.25	01:14:14.034	158.864	158.865			6
2026.05.25	01:14:14.935	158.863	158.864			6
2026.05.25	01:14:18.238	158.864	158.865			6
2026.05.25	01:14:19.446	158.867	158.868			6
2026.05.25	01:14:19.741	158.872	158.873			6
2026.05.25	01:14:23.048	158.873	158.874			6
2026.05.25	01:14:24.248	158.872	158.873			6
2026.05.25	01:14:24.850	158.871	158.872			6
2026.05.25	01:14:25.151	158.872	158.873			6
2026.05.25	01:14:27.556	158.871	158.872			6
2026.05.25	01:14:28.157	158.872	158.873			6
2026.05.25	01:14:28.457	158.871	158.872			6
2026.05.25	01:14:29.359	158.868	158.869			6
2026.05.25	01:14:30.258	158.872	158.873			6
2026.05.25	01:14:30.859	158.873	158.874			6
2026.05.25	01:14:31.160	158.871	158.872			6
2026.05.25	01:14:33.562	158.872	158.873			6
2026.05.25	01:14:35.366	158.871	158.872			6
2026.05.25	01:14:37.168	158.872	158.873			6
2026.05.25	01:14:37.468	158.871	158.872			6
2026.05.25	01:14:39.269	158.872	158.873			6
2026.05.25	01:14:40.470	158.871	158.872			6
2026.05.25	01:14:56.394	158.888	158.889			6
2026.05.25	01:14:56.693	158.880	158.881			6
2026.05.25	01:14:57.895	158.881	158.882			6
2026.05.25	01:14:59.997	158.880	158.881			6
2026.05.25	01:15:00.298	158.881	158.882			6
2026.05.25	01:15:02.103	158.880	158.881			6
2026.05.25	01:15:03.299	158.878	158.879			6
2026.05.25	01:15:06.006	158.879	158.880			6
2026.05.25	01:15:07.213	158.878	158.879			6
2026.05.25	01:15:07.813	158.879	158.880			6
2026.05.25	01:15:08.416	158.878	158.879			6
2026.05.25	01:15:14.423	158.877	158.878			6
2026.05.25	01:15:15.025	158.878	158.879			6
2026.05.25	01:15:15.325	158.866	158.867			6
2026.05.25	01:15:16.227	158.865	158.866			6
2026.05.25	01:15:16.527	158.866	158.867			6
2026.05.25	01:15:18.629	158.871	158.872			6
2026.05.25	01:15:18.929	158.872	158.873			6
2026.05.25	01:15:22.535	158.877	158.878			6
2026.05.25	01:15:22.836	158.873	158.874			6
2026.05.25	01:15:24.036	158.863	158.864			6
2026.05.25	01:15:24.337	158.864	158.865			6
2026.05.25	01:15:24.637	158.865	158.866			6
2026.05.25	01:15:26.438	158.867	158.868			6
2026.05.25	01:15:28.843	158.865	158.866			6
2026.05.25	01:15:29.141	158.864	158.865			6
2026.05.25	01:15:31.546	158.867	158.868			6
2026.05.25	01:15:33.347	158.877	158.878			6
2026.05.25	01:15:33.647	158.878	158.879			6
2026.05.25	01:15:34.247	158.879	158.880			6
2026.05.25	01:15:34.848	158.878	158.879			6
2026.05.25	01:15:37.856	158.879	158.880			6
2026.05.25	01:15:38.456	158.880	158.881			6
2026.05.25	01:15:39.357	158.881	158.882			6
2026.05.25	01:15:41.158	158.879	158.880			6
2026.05.25	01:15:47.773	158.887	158.888			6
2026.05.25	01:15:48.070	158.882	158.883			6
2026.05.25	01:15:48.371	158.881	158.882			6
2026.05.25	01:15:50.172	158.880	158.881			6
2026.05.25	01:15:55.277	158.881	158.882			6
2026.05.25	01:15:56.478	158.882	158.883			6
2026.05.25	01:15:56.778	158.881	158.882			6
2026.05.25	01:15:57.379	158.880	158.881			6
2026.05.25	01:15:57.680	158.882	158.883			6
2026.05.25	01:15:57.982	158.880	158.881			6
2026.05.25	01:16:00.089	158.880				2
2026.05.25	01:16:09.097	158.879	158.880			6
2026.05.25	01:16:09.398	158.877	158.878			6
2026.05.25	01:16:12.101	158.879	158.880			6
2026.05.25	01:16:12.703	158.880	158.881			6
2026.05.25	01:16:20.519	158.882	158.883			6
2026.05.25	01:16:23.825	158.885	158.886			6
2026.05.25	01:16:24.126	158.887	158.888			6
2026.05.25	01:16:24.727	158.886	158.887			6
2026.05.25	01:16:29.835	158.882	158.883			6
2026.05.25	01:16:30.136	158.881	158.882			6
2026.05.25	01:16:30.437	158.885	158.886			6
2026.05.25	01:16:31.337	158.880	158.881			6
2026.05.25	01:16:31.637	158.879	158.880			6
2026.05.25	01:16:32.839	158.880	158.881			6
2026.05.25	01:16:33.140	158.879	158.880			6
2026.05.25	01:16:33.741	158.880	158.881			6
2026.05.25	01:16:34.642	158.884	158.885			6
2026.05.25	01:16:34.944	158.886	158.887			6
2026.05.25	01:16:35.245	158.882	158.883			6
2026.05.25	01:16:35.545	158.881	158.882			6
2026.05.25	01:16:36.446	158.880	158.881			6
2026.05.25	01:16:41.247	158.881	158.882			6
2026.05.25	01:16:46.352	158.880	158.881			6
2026.05.25	01:16:49.658	158.881	158.882			6
2026.05.25	01:16:49.958	158.880	158.881			6
2026.05.25	01:16:51.762	158.881	158.882			6
2026.05.25	01:16:55.363	158.882	158.883			6
2026.05.25	01:16:55.664	158.883	158.884			6
2026.05.25	01:16:57.465	158.884	158.885			6
2026.05.25	01:16:57.765	158.885	158.886			6
2026.05.25	01:16:58.065	158.880	158.881			6
2026.05.25	01:16:59.265	158.883	158.884			6
2026.05.25	01:16:59.566	158.884	158.885			6
2026.05.25	01:16:59.865	158.885	158.886			6
2026.05.25	01:17:00.166	158.886	158.887			6
2026.05.25	01:17:01.067	158.885	158.886			6
2026.05.25	01:17:01.368	158.886	158.887			6
2026.05.25	01:17:01.668	158.887	158.888			6
2026.05.25	01:17:02.870	158.886	158.887			6
2026.05.25	01:17:08.874	158.887	158.888			6
2026.05.25	01:17:09.775	158.886	158.887			6
2026.05.25	01:17:10.976	158.887	158.888			6
2026.05.25	01:17:11.276	158.888	158.889			6
2026.05.25	01:17:13.680	158.885	158.886			6
2026.05.25	01:17:13.978	158.886	158.887			6
2026.05.25	01:17:15.779	158.887	158.888			6
2026.05.25	01:17:17.582	158.880	158.881			6
2026.05.25	01:17:19.988	158.884	158.885			6
2026.05.25	01:17:20.289	158.887	158.888			6
2026.05.25	01:17:22.092	158.886	158.887			6
2026.05.25	01:17:22.693	158.885	158.886			6
2026.05.25	01:17:25.700	158.892	158.893			6
2026.05.25	01:17:26.001	158.887	158.888			6
2026.05.25	01:17:26.902	158.886	158.887			6
2026.05.25	01:17:29.007	158.885	158.886			6
2026.05.25	01:17:31.114	158.886	158.887			6
2026.05.25	01:17:31.414	158.895	158.896			6
2026.05.25	01:17:31.715	158.896	158.897			6
2026.05.25	01:17:32.320	158.906	158.907			6
2026.05.25	01:17:32.619	158.908	158.909			6
2026.05.25	01:17:33.822	158.907	158.908			6
2026.05.25	01:17:35.322	158.918	158.919			6
2026.05.25	01:17:35.623	158.919	158.920			6
2026.05.25	01:17:36.223	158.918	158.919			6
2026.05.25	01:17:38.627	158.917	158.918			6
2026.05.25	01:17:44.644	158.912	158.913			6
2026.05.25	01:17:44.942	158.910	158.911			6
2026.05.25	01:17:45.243	158.905	158.906			6
2026.05.25	01:17:46.144	158.907	158.908			6
2026.05.25	01:17:46.745	158.906	158.907			6
2026.05.25	01:17:47.344	158.909	158.910			6
2026.05.25	01:17:48.846	158.907	158.908			6
2026.05.25	01:17:49.147	158.906	158.907			6
2026.05.25	01:17:50.649	158.907	158.908			6
2026.05.25	01:17:52.452	158.904	158.905			6
2026.05.25	01:18:00.270	158.904				2
2026.05.25	01:18:00.571	158.905	158.906			6
2026.05.25	01:18:00.871	158.891	158.892			6
2026.05.25	01:18:01.771	158.892	158.893			6
2026.05.25	01:18:02.071	158.891	158.892			6
2026.05.25	01:18:02.973	158.898	158.899			6
2026.05.25	01:18:03.273	158.901	158.902			6
2026.05.25	01:18:05.075	158.904	158.905			6
2026.05.25	01:18:05.375	158.903	158.904			6
2026.05.25	01:18:05.676	158.904	158.905			6
2026.05.25	01:18:14.090	158.905	158.906			6
2026.05.25	01:18:17.092	158.902	158.903			6
2026.05.25	01:18:18.297	158.905	158.906			6
2026.05.25	01:18:21.300	158.904	158.905			6
2026.05.25	01:18:21.899	158.905	158.906			6
2026.05.25	01:18:23.105	158.904	158.905			6
2026.05.25	01:18:23.405	158.905	158.906			6
2026.05.25	01:18:24.311	158.904	158.905			6
2026.05.25	01:18:27.614	158.909	158.910			6
2026.05.25	01:18:35.737	158.908	158.909			6
2026.05.25	01:18:36.337	158.909	158.910			6
2026.05.25	01:18:37.239	158.908	158.909			6
2026.05.25	01:18:37.539	158.909	158.910			6
2026.05.25	01:18:39.340	158.910	158.911			6
2026.05.25	01:18:39.640	158.909	158.910			6
2026.05.25	01:18:46.849	158.908	158.909			6
2026.05.25	01:18:48.051	158.904	158.905			6
2026.05.25	01:18:56.762	158.903	158.904			6
2026.05.25	01:18:57.064	158.904	158.905			6
2026.05.25	01:19:00.067	158.904				2
2026.05.25	01:19:03.972	158.903	158.904			6
2026.05.25	01:19:06.374	158.902	158.903			6
2026.05.25	01:19:09.976	158.903	158.904			6
2026.05.25	01:19:24.700	158.911	158.912			6
2026.05.25	01:19:24.999	158.908	158.909			6
2026.05.25	01:19:28.316	158.909	158.910			6
2026.05.25	01:19:32.526	158.905	158.906			6
2026.05.25	01:19:35.833	158.915	158.916			6
2026.05.25	01:19:36.133	158.917	158.918			6
2026.05.25	01:19:39.137	158.918	158.919			6
2026.05.25	01:19:41.239	158.917	158.918			6
2026.05.25	01:19:43.943	158.915	158.916			6
2026.05.25	01:19:44.244	158.916	158.917			6
2026.05.25	01:19:47.849	158.915	158.916			6
2026.05.25	01:19:51.152	158.917	158.918			6
2026.05.25	01:19:57.161	158.914	158.915			6
2026.05.25	01:20:00.165	158.914				2
2026.05.25	01:20:03.171	158.915	158.916			6
2026.05.25	01:20:04.673	158.916	158.917			6
2026.05.25	01:20:07.075	158.914	158.915			6
2026.05.25	01:20:08.577	158.915	158.916			6
2026.05.25	01:20:09.478	158.916	158.917			6
2026.05.25	01:20:10.682	158.918	158.919			6
2026.05.25	01:20:10.981	158.919	158.920			6
2026.05.25	01:20:13.384	158.920	158.921			6
2026.05.25	01:20:15.184	158.919	158.920			6
2026.05.25	01:20:16.685	158.918	158.919			6
2026.05.25	01:20:17.286	158.917	158.918			6
2026.05.25	01:20:17.888	158.916	158.917			6
2026.05.25	01:20:19.690	158.917	158.918			6
2026.05.25	01:20:22.998	158.916	158.917			6
2026.05.25	01:20:26.000	158.915	158.916			6
2026.05.25	01:20:26.299	158.916	158.917			6
2026.05.25	01:20:26.899	158.915	158.916			6
2026.05.25	01:20:27.799	158.916	158.917			6
2026.05.25	01:20:28.105	158.915	158.916			6
2026.05.25	01:20:29.307	158.916	158.917			6
2026.05.25	01:20:33.218	158.915	158.916			6
2026.05.25	01:20:33.819	158.914	158.915			6
2026.05.25	01:20:37.727	158.915	158.916			6
2026.05.25	01:20:38.028	158.904	158.905			6
2026.05.25	01:20:38.627	158.903	158.904			6
2026.05.25	01:20:38.928	158.912	158.913			6
2026.05.25	01:20:39.532	158.913	158.914			6
2026.05.25	01:20:46.141	158.914	158.915			6
2026.05.25	01:20:47.346	158.913	158.914			6
2026.05.25	01:20:52.152	158.914	158.915			6
2026.05.25	01:20:53.954	158.913	158.914			6
2026.05.25	01:20:54.855	158.914	158.915			6
2026.05.25	01:20:56.356	158.913	158.914			6
2026.05.25	01:20:57.862	158.914	158.915			6
2026.05.25	01:20:59.064	158.913	158.914			6
2026.05.25	01:21:00.264	158.913				2
2026.05.25	01:21:02.066	158.914	158.915			6
2026.05.25	01:21:04.467	158.916	158.917			6
2026.05.25	01:21:09.575	158.915	158.916			6
2026.05.25	01:21:15.286	158.916	158.917			6
2026.05.25	01:21:15.887	158.913	158.914			6
2026.05.25	01:21:19.491	158.915	158.916			6
2026.05.25	01:21:19.792	158.916	158.917			6
2026.05.25	01:21:20.394	158.914	158.915			6
2026.05.25	01:21:20.693	158.913	158.914			6
2026.05.25	01:21:21.894	158.903	158.904			6
2026.05.25	01:21:22.194	158.902	158.903			6
2026.05.25	01:21:24.902	158.901	158.902			6
2026.05.25	01:21:25.805	158.902	158.903			6
2026.05.25	01:21:28.814	158.901	158.902			6
2026.05.25	01:21:29.115	158.900	158.901			6
2026.05.25	01:21:29.716	158.901	158.902			6
2026.05.25	01:21:32.732	158.891	158.892			6
2026.05.25	01:21:33.033	158.889	158.890			6
2026.05.25	01:21:33.633	158.890	158.891			6
2026.05.25	01:21:36.037	158.891	158.892			6
2026.05.25	01:21:36.337	158.890	158.891			6
2026.05.25	01:21:36.939	158.891	158.892			6
2026.05.25	01:21:37.539	158.890	158.891			6
2026.05.25	01:21:38.139	158.889	158.890			6
2026.05.25	01:21:42.047	158.892	158.893			6
2026.05.25	01:21:42.347	158.891	158.892			6
2026.05.25	01:21:48.360	158.892	158.893			6
2026.05.25	01:21:50.164	158.897	158.898			6
2026.05.25	01:21:50.463	158.901	158.902			6
2026.05.25	01:21:51.964	158.902	158.903			6
2026.05.25	01:21:53.164	158.901	158.902			6
2026.05.25	01:21:57.066	158.900	158.901			6
2026.05.25	01:21:57.367	158.901	158.902			6
2026.05.25	01:22:00.070	158.901				2
2026.05.25	01:22:02.172	158.895	158.896			6
2026.05.25	01:22:03.974	158.896	158.897			6
2026.05.25	01:22:04.276	158.895	158.896			6
2026.05.25	01:22:04.576	158.897	158.898			6
2026.05.25	01:22:04.876	158.898	158.899			6
2026.05.25	01:22:06.978	158.897	158.898			6
2026.05.25	01:22:07.580	158.898	158.899			6
2026.05.25	01:22:10.583	158.897	158.898			6
2026.05.25	01:22:12.385	158.889	158.890			6
2026.05.25	01:22:13.891	158.888	158.889			6
2026.05.25	01:22:18.097	158.889	158.890			6
2026.05.25	01:22:24.718	158.888	158.889			6
2026.05.25	01:22:25.018	158.889	158.890			6
2026.05.25	01:22:28.626	158.888	158.889			6
2026.05.25	01:22:29.832	158.889	158.890			6
2026.05.25	01:22:30.733	158.890	158.891			6
2026.05.25	01:22:31.035	158.889	158.890			6
2026.05.25	01:22:31.337	158.890	158.891			6
2026.05.25	01:22:32.539	158.891	158.892			6
2026.05.25	01:22:33.439	158.890	158.891			6
2026.05.25	01:22:35.246	158.887	158.888			6
2026.05.25	01:22:36.447	158.885	158.886			6
2026.05.25	01:22:40.048	158.879	158.880			6
2026.05.25	01:22:40.349	158.877	158.878			6
2026.05.25	01:22:40.651	158.878	158.879			6
2026.05.25	01:22:41.552	158.877	158.878			6
2026.05.25	01:22:41.853	158.878	158.879			6
2026.05.25	01:22:42.753	158.877	158.878			6
2026.05.25	01:22:44.554	158.878	158.879			6
2026.05.25	01:22:44.854	158.877	158.878			6
2026.05.25	01:22:46.057	158.878	158.879			6
2026.05.25	01:22:50.861	158.877	158.878			6
2026.05.25	01:23:00.175	158.877				2
2026.05.25	01:23:06.782	158.876	158.877			6
2026.05.25	01:23:18.194	158.877	158.878			6
2026.05.25	01:23:19.396	158.878	158.879			6
2026.05.25	01:23:19.696	158.877	158.878			6
2026.05.25	01:23:20.597	158.878	158.879			6
2026.05.25	01:23:21.497	158.877	158.878			6
2026.05.25	01:23:24.798	158.876	158.877			6
2026.05.25	01:23:25.099	158.878	158.879			6
2026.05.25	01:23:25.399	158.877	158.878			6
2026.05.25	01:23:26.000	158.878	158.879			6
2026.05.25	01:23:29.907	158.879	158.880			6
2026.05.25	01:23:35.019	158.884	158.885			6
2026.05.25	01:23:35.318	158.880	158.881			6
2026.05.25	01:23:35.618	158.886	158.887			6
2026.05.25	01:23:39.827	158.889	158.890			6
2026.05.25	01:23:53.051	158.890	158.891			6
2026.05.25	01:23:54.551	158.889	158.890			6
2026.05.25	01:24:00.261	158.889				2
2026.05.25	01:24:17.391	158.890	158.891			6
2026.05.25	01:24:21.294	158.889	158.890			6
2026.05.25	01:24:21.597	158.890	158.891			6
2026.05.25	01:24:22.497	158.889	158.890			6
2026.05.25	01:24:24.600	158.890	158.891			6
2026.05.25	01:24:29.421	158.888	158.889			6
2026.05.25	01:24:29.720	158.889	158.890			6
2026.05.25	01:24:34.828	158.888	158.889			6
2026.05.25	01:24:37.536	158.889	158.890			6
2026.05.25	01:24:54.370	158.897	158.898			6
2026.05.25	01:24:54.664	158.901	158.902			6
2026.05.25	01:24:56.765	158.902	158.903			6
2026.05.25	01:25:00.071	158.902				2
2026.05.25	01:25:00.671	158.892	158.893			6
2026.05.25	01:25:00.972	158.891	158.892			6
2026.05.25	01:25:01.272	158.890	158.891			6
2026.05.25	01:25:16.599	158.889	158.890			6
2026.05.25	01:25:17.501	158.890	158.891			6
2026.05.25	01:25:24.112	158.879	158.880			6
2026.05.25	01:25:24.410	158.878	158.879			6
2026.05.25	01:25:28.018	158.879	158.880			6
2026.05.25	01:25:28.318	158.885	158.886			6
2026.05.25	01:25:31.629	158.882	158.883			6
2026.05.25	01:25:31.929	158.880	158.881			6
2026.05.25	01:25:35.538	158.884	158.885			6
2026.05.25	01:25:35.838	158.885	158.886			6
2026.05.25	01:25:36.438	158.884	158.885			6
2026.05.25	01:25:38.542	158.885	158.886			6
2026.05.25	01:25:46.352	158.879	158.880			6
2026.05.25	01:25:46.652	158.878	158.879			6
2026.05.25	01:25:55.964	158.879	158.880			6
2026.05.25	01:25:56.564	158.878	158.879			6
2026.05.25	01:25:59.873	158.880	158.881			6
2026.05.25	01:26:00.171	158.879	158.880			6
2026.05.25	01:26:00.472	158.885	158.886			6
2026.05.25	01:26:01.072	158.886	158.887			6
2026.05.25	01:26:01.371	158.885	158.886			6
2026.05.25	01:26:05.274	158.886	158.887			6
2026.05.25	01:26:06.477	158.885	158.886			6
2026.05.25	01:26:06.777	158.886	158.887			6
2026.05.25	01:26:08.878	158.885	158.886			6
2026.05.25	01:26:10.382	158.886	158.887			6
2026.05.25	01:26:11.884	158.885	158.886			6
2026.05.25	01:26:12.185	158.884	158.885			6
2026.05.25	01:26:12.785	158.885	158.886			6
2026.05.25	01:26:17.294	158.886	158.887			6
2026.05.25	01:26:17.597	158.884	158.885			6
2026.05.25	01:26:20.301	158.885	158.886			6
2026.05.25	01:26:21.804	158.884	158.885			6
2026.05.25	01:26:22.404	158.885	158.886			6
2026.05.25	01:26:26.316	158.883	158.885			6
2026.05.25	01:26:26.918		158.886			4
2026.05.25	01:26:27.218	158.885				2
2026.05.25	01:26:27.818	158.886	158.887			6
2026.05.25	01:26:28.118	158.885	158.886			6
2026.05.25	01:26:28.720	158.886	158.887			6
2026.05.25	01:26:30.823	158.885	158.886			6
2026.05.25	01:26:32.628	158.879	158.880			6
2026.05.25	01:26:32.929	158.883	158.884			6
2026.05.25	01:26:33.230	158.884	158.885			6
2026.05.25	01:26:35.036	158.883	158.884			6
2026.05.25	01:26:37.438	158.884	158.885			6
2026.05.25	01:26:39.543	158.883	158.884			6
2026.05.25	01:26:40.144	158.884	158.885			6
2026.05.25	01:26:44.351	158.881	158.882			6
2026.05.25	01:26:44.651	158.879	158.880			6
2026.05.25	01:26:50.966	158.878	158.879			6
2026.05.25	01:26:53.970	158.879	158.880			6
2026.05.25	01:26:54.269	158.878	158.879			6
2026.05.25	01:26:56.371	158.879	158.880			6
2026.05.25	01:26:56.671	158.880	158.881			6
2026.05.25	01:26:58.773	158.881	158.882			6
2026.05.25	01:27:00.277	158.880	158.881			6
2026.05.25	01:27:00.577	158.879	158.880			6
2026.05.25	01:27:10.195	158.880	158.881			6
2026.05.25	01:27:22.818	158.878	158.879			6
2026.05.25	01:27:28.231	158.865	158.866			6
2026.05.25	01:27:29.431	158.864	158.865			6
2026.05.25	01:27:31.236	158.863	158.864			6
2026.05.25	01:27:34.239	158.853	158.854			6
2026.05.25	01:27:35.140	158.852	158.853			6
2026.05.25	01:27:39.053	158.851	158.852			6
2026.05.25	01:27:39.349	158.847	158.848			6
2026.05.25	01:27:40.551	158.851	158.852			6
2026.05.25	01:27:40.852	158.852	158.853			6
2026.05.25	01:27:42.053	158.854	158.855			6
2026.05.25	01:27:42.654	158.853	158.854			6
2026.05.25	01:27:42.954	158.854	158.855			6
2026.05.25	01:27:43.855	158.853	158.854			6
2026.05.25	01:27:45.659	158.844	158.845			6
2026.05.25	01:27:45.958	158.850	158.851			6
2026.05.25	01:27:46.258	158.851	158.852			6
2026.05.25	01:27:46.858	158.842	158.843			6
2026.05.25	01:27:47.158	158.841	158.842			6
2026.05.25	01:27:50.164	158.842	158.843			6
2026.05.25	01:27:51.665	158.853	158.854			6
2026.05.25	01:27:51.966	158.854	158.855			6
2026.05.25	01:27:52.267	158.853	158.854			6
2026.05.25	01:27:55.569	158.854	158.855			6
2026.05.25	01:27:56.170	158.853	158.854			6
2026.05.25	01:27:56.470	158.854	158.855			6
2026.05.25	01:27:57.071	158.856	158.857			6
2026.05.25	01:27:57.372	158.855	158.856			6
2026.05.25	01:27:57.672	158.854	158.855			6
2026.05.25	01:28:00.077	158.854				2
2026.05.25	01:28:00.377	158.853	158.854			6
2026.05.25	01:28:00.980	158.854	158.855			6
2026.05.25	01:28:01.281	158.859	158.860			6
2026.05.25	01:28:02.186	158.855	158.856			6
2026.05.25	01:28:02.484	158.854	158.855			6
2026.05.25	01:28:07.890	158.857	158.858			6
2026.05.25	01:28:11.496	158.856	158.857			6
2026.05.25	01:28:11.796	158.853	158.854			6
2026.05.25	01:28:14.799	158.852	158.853			6
2026.05.25	01:28:15.099	158.851	158.852			6
2026.05.25	01:28:16.902	158.852	158.853			6
2026.05.25	01:28:20.510	158.853	158.854			6
2026.05.25	01:28:23.219	158.852	158.853			6
2026.05.25	01:28:23.821	158.853	158.854			6
2026.05.25	01:28:24.421	158.851	158.852			6
2026.05.25	01:28:24.721	158.852	158.853			6
2026.05.25	01:28:26.824	158.851	158.852			6
2026.05.25	01:28:28.927	158.850	158.851			6
2026.05.25	01:28:31.629	158.851	158.852			6
2026.05.25	01:28:43.352	158.852	158.853			6
2026.05.25	01:28:46.055	158.851	158.852			6
2026.05.25	01:28:59.571	158.852	158.853			6
2026.05.25	01:29:00.171	158.851	158.852			6
2026.05.25	01:29:00.471	158.850	158.851			6
2026.05.25	01:29:09.193	158.851	158.852			6
2026.05.25	01:29:11.297	158.850	158.851			6
2026.05.25	01:29:11.597	158.851	158.852			6
2026.05.25	01:29:29.043	158.852	158.853			6
2026.05.25	01:29:30.844	158.853	158.854			6
2026.05.25	01:29:31.446	158.852	158.853			6
2026.05.25	01:29:32.647	158.860	158.861			6
2026.05.25	01:29:32.948	158.858	158.859			6
2026.05.25	01:29:33.248	158.854	158.855			6
2026.05.25	01:29:34.148	158.856	158.857			6
2026.05.25	01:29:34.448	158.857	158.858			6
2026.05.25	01:29:36.250	158.854	158.855			6
2026.05.25	01:29:36.550	158.853	158.854			6
2026.05.25	01:29:38.354	158.857	158.858			6
2026.05.25	01:29:38.655	158.858	158.859			6
2026.05.25	01:29:39.256	158.856	158.857			6
2026.05.25	01:29:39.856	158.857	158.858			6
2026.05.25	01:29:40.458	158.864	158.865			6
2026.05.25	01:29:43.164	158.863	158.864			6
2026.05.25	01:29:44.064	158.862	158.863			6
2026.05.25	01:29:48.268	158.863	158.864			6
2026.05.25	01:29:50.372	158.864	158.865			6
2026.05.25	01:30:00.284	158.864				2
2026.05.25	01:30:03.587	158.863	158.864			6
2026.05.25	01:30:07.189	158.865	158.866			6
2026.05.25	01:30:09.294	158.856	158.857			6
2026.05.25	01:30:09.592	158.855	158.856			6
2026.05.25	01:30:09.893	158.854	158.855			6
2026.05.25	01:30:10.195	158.853	158.854			6
2026.05.25	01:30:10.494	158.854	158.855			6
2026.05.25	01:30:10.794	158.852	158.853			6
2026.05.25	01:30:11.094	158.854	158.855			6
2026.05.25	01:30:11.394	158.853	158.854			6
2026.05.25	01:30:17.711	158.852	158.853			6
2026.05.25	01:30:23.723	158.853	158.854			6
2026.05.25	01:30:28.232	158.852	158.853			6
2026.05.25	01:30:30.341	158.848	158.849			6
2026.05.25	01:30:30.638	158.842	158.843			6
2026.05.25	01:30:30.938	158.847	158.848			6
2026.05.25	01:30:31.239	158.848	158.849			6
2026.05.25	01:30:31.839	158.849	158.850			6
2026.05.25	01:30:34.543	158.850	158.851			6
2026.05.25	01:30:40.250	158.851	158.852			6
2026.05.25	01:30:40.552	158.850	158.851			6
2026.05.25	01:30:40.850	158.844	158.845			6
2026.05.25	01:30:41.150	158.841	158.842			6
2026.05.25	01:30:42.352	158.840	158.841			6
2026.05.25	01:30:42.652	158.841	158.842			6
2026.05.25	01:30:43.856	158.837	158.838			6
2026.05.25	01:30:44.156	158.835	158.836			6
2026.05.25	01:30:44.756	158.836	158.837			6
2026.05.25	01:30:45.056	158.837	158.838			6
2026.05.25	01:30:45.357	158.838	158.839			6
2026.05.25	01:30:45.657	158.837	158.838			6
2026.05.25	01:30:47.458	158.838	158.839			6
2026.05.25	01:30:47.759	158.839	158.840			6
2026.05.25	01:30:50.468	158.838	158.839			6
2026.05.25	01:30:51.969	158.837	158.838			6
2026.05.25	01:30:52.571	158.838	158.839			6
2026.05.25	01:30:53.171	158.840	158.841			6
2026.05.25	01:30:54.074	158.838	158.839			6
2026.05.25	01:30:54.675	158.839	158.840			6
2026.05.25	01:30:54.975	158.841	158.842			6
2026.05.25	01:30:55.276	158.842	158.843			6
2026.05.25	01:30:56.177	158.841	158.842			6
2026.05.25	01:30:56.477	158.842	158.843			6
2026.05.25	01:31:00.085	158.842				2
2026.05.25	01:31:00.685	158.841	158.842			6
2026.05.25	01:31:00.986	158.842	158.843			6
2026.05.25	01:31:04.590	158.840	158.841			6
2026.05.25	01:31:04.891	158.843	158.844			6
2026.05.25	01:31:06.093	158.849	158.850			6
2026.05.25	01:31:06.394	158.853	158.854			6
2026.05.25	01:31:07.599	158.851	158.852			6
2026.05.25	01:31:07.898	158.842	158.843			6
2026.05.25	01:31:08.198	158.841	158.842			6
2026.05.25	01:31:08.798	158.839	158.840			6
2026.05.25	01:31:10.300	158.840	158.841			6
2026.05.25	01:31:10.599	158.839	158.840			6
2026.05.25	01:31:11.800	158.841	158.842			6
2026.05.25	01:31:12.703	158.839	158.840			6
2026.05.25	01:31:13.003	158.841	158.842			6
2026.05.25	01:31:13.603	158.840	158.841			6
2026.05.25	01:31:14.506	158.841	158.842			6
2026.05.25	01:31:15.708	158.840	158.841			6
2026.05.25	01:31:16.009	158.838	158.839			6
2026.05.25	01:31:17.211	158.839	158.840			6
2026.05.25	01:31:20.813	158.838	158.839			6
2026.05.25	01:31:21.114	158.832	158.833			6
2026.05.25	01:31:21.415	158.830	158.831			6
2026.05.25	01:31:22.616	158.827	158.828			6
2026.05.25	01:31:22.917	158.826	158.827			6
2026.05.25	01:31:24.420	158.827	158.828			6
2026.05.25	01:31:25.621	158.830	158.831			6
2026.05.25	01:31:25.920	158.827	158.828			6
2026.05.25	01:31:26.220	158.828	158.829			6
2026.05.25	01:31:31.628	158.827	158.828			6
2026.05.25	01:31:32.230	158.828	158.829			6
2026.05.25	01:31:33.734	158.830	158.831			6
2026.05.25	01:31:34.035	158.831	158.832			6
2026.05.25	01:31:34.334	158.829	158.830			6
2026.05.25	01:31:35.544	158.838	158.839			6
2026.05.25	01:31:35.838	158.840	158.841			6
2026.05.25	01:31:38.239	158.841	158.842			6
2026.05.25	01:31:39.441	158.842	158.843			6
2026.05.25	01:31:40.944	158.845	158.846			6
2026.05.25	01:31:41.245	158.842	158.843			6
2026.05.25	01:31:50.858	158.844	158.845			6
2026.05.25	01:31:51.158	158.846	158.847			6
2026.05.25	01:31:51.759	158.845	158.846			6
2026.05.25	01:31:52.062	158.843	158.844			6
2026.05.25	01:31:52.964	158.842	158.843			6
2026.05.25	01:31:53.265	158.843	158.844			6
2026.05.25	01:31:53.564	158.844	158.845			6
2026.05.25	01:31:54.765	158.845	158.846			6
2026.05.25	01:31:55.365	158.842	158.843			6
2026.05.25	01:31:55.665	158.845	158.846			6
2026.05.25	01:31:57.167	158.846	158.847			6
2026.05.25	01:32:00.171	158.846				2
2026.05.25	01:32:00.470	158.852	158.853			6
2026.05.25	01:32:00.771	158.853	158.854			6
2026.05.25	01:32:04.675	158.852	158.853			6
2026.05.25	01:32:11.582	158.851	158.852			6
2026.05.25	01:32:11.882	158.850	158.851			6
2026.05.25	01:32:12.183	158.851	158.852			6
2026.05.25	01:32:13.385	158.853	158.854			6
2026.05.25	01:32:13.985	158.851	158.852			6
2026.05.25	01:32:14.287	158.850	158.851			6
2026.05.25	01:32:15.188	158.849	158.850			6
2026.05.25	01:32:15.488	158.848	158.849			6
2026.05.25	01:32:15.789	158.849	158.850			6
2026.05.25	01:32:16.389	158.843	158.844			6
2026.05.25	01:32:16.688	158.842	158.843			6
2026.05.25	01:32:19.092	158.841	158.842			6
2026.05.25	01:32:19.993	158.843	158.844			6
2026.05.25	01:32:20.595	158.842	158.843			6
2026.05.25	01:32:20.896	158.841	158.842			6
2026.05.25	01:32:28.107	158.840	158.841			6
2026.05.25	01:32:30.510	158.841	158.842			6
2026.05.25	01:32:36.225	158.838	158.839			6
2026.05.25	01:32:41.638	158.839	158.840			6
2026.05.25	01:32:41.939	158.840	158.841			6
2026.05.25	01:32:44.041	158.841	158.842			6
2026.05.25	01:32:44.341	158.840	158.841			6
2026.05.25	01:32:45.843	158.838	158.839			6
2026.05.25	01:32:47.949	158.840	158.841			6
2026.05.25	01:32:48.246	158.841	158.842			6
2026.05.25	01:32:51.248	158.840	158.841			6
2026.05.25	01:32:51.848	158.839	158.840			6
2026.05.25	01:32:52.148	158.840	158.841			6
2026.05.25	01:33:00.260	158.840				2
2026.05.25	01:33:02.662	158.841	158.842			6
2026.05.25	01:33:02.962	158.839	158.840			6
2026.05.25	01:33:03.267	158.832	158.833			6
2026.05.25	01:33:03.564	158.830	158.831			6
2026.05.25	01:33:03.864	158.827	158.828			6
2026.05.25	01:33:12.271	158.828	158.829			6
2026.05.25	01:33:17.376	158.829	158.830			6
2026.05.25	01:33:29.399	158.830	158.831			6
2026.05.25	01:33:30.000	158.829	158.830			6
2026.05.25	01:33:30.300	158.836	158.837			6
2026.05.25	01:33:30.600	158.838	158.839			6
2026.05.25	01:33:30.903	158.839	158.840			6
2026.05.25	01:33:31.201	158.841	158.842			6
2026.05.25	01:33:34.811	158.843	158.844			6
2026.05.25	01:33:40.523	158.842	158.843			6
2026.05.25	01:33:45.337	158.844	158.845			6
2026.05.25	01:33:47.440	158.845	158.846			6
2026.05.25	01:33:48.340	158.847	158.848			6
2026.05.25	01:33:53.745	158.846	158.847			6
2026.05.25	01:33:55.246	158.843	158.844			6
2026.05.25	01:33:55.546	158.844	158.845			6
2026.05.25	01:33:55.848	158.845	158.846			6
2026.05.25	01:34:00.051	158.845				2
2026.05.25	01:34:00.653	158.847	158.848			6
2026.05.25	01:34:00.955	158.849	158.850			6
2026.05.25	01:34:01.555	158.848	158.849			6
2026.05.25	01:34:03.059	158.843	158.844			6
2026.05.25	01:34:04.865	158.842	158.843			6
2026.05.25	01:34:18.981	158.844	158.845			6
2026.05.25	01:34:19.281	158.843	158.844			6
2026.05.25	01:34:30.999	158.842	158.843			6
2026.05.25	01:34:34.902	158.852	158.853			6
2026.05.25	01:34:40.610	158.853	158.854			6
2026.05.25	01:34:42.713	158.854	158.855			6
2026.05.25	01:34:43.016	158.853	158.854			6
2026.05.25	01:34:53.543	158.851	158.852			6
2026.05.25	01:34:53.837	158.848	158.849			6
2026.05.25	01:35:00.148	158.848				2
2026.05.25	01:35:06.164	158.847	158.848			6
2026.05.25	01:35:07.366	158.848	158.849			6
2026.05.25	01:35:10.673	158.844	158.845			6
2026.05.25	01:35:10.973	158.843	158.844			6
2026.05.25	01:35:13.977	158.842	158.843			6
2026.05.25	01:35:14.577	158.841	158.842			6
2026.05.25	01:35:24.193	158.830	158.831			6
2026.05.25	01:35:24.492	158.829	158.830			6
2026.05.25	01:35:24.793	158.831	158.832			6
2026.05.25	01:35:28.098	158.833	158.834			6
2026.05.25	01:35:28.399	158.831	158.832			6
2026.05.25	01:35:28.701	158.830	158.831			6
2026.05.25	01:35:29.902	158.831	158.832			6
2026.05.25	01:35:30.803	158.830	158.831			6
2026.05.25	01:35:34.114	158.831	158.832			6
2026.05.25	01:35:34.415	158.830	158.831			6
2026.05.25	01:35:38.019	158.829	158.830			6
2026.05.25	01:35:39.222	158.828	158.829			6
2026.05.25	01:35:39.822	158.829	158.830			6
2026.05.25	01:35:40.423	158.839	158.840			6
2026.05.25	01:35:40.723	158.840	158.841			6
2026.05.25	01:35:41.023	158.841	158.842			6
2026.05.25	01:35:46.734	158.840	158.841			6
2026.05.25	01:35:47.936	158.839	158.840			6
2026.05.25	01:35:53.345	158.840	158.841			6
2026.05.25	01:35:54.846	158.838	158.839			6
2026.05.25	01:35:55.447	158.844	158.845			6
2026.05.25	01:35:55.746	158.852	158.853			6
2026.05.25	01:35:56.046	158.853	158.854			6
2026.05.25	01:35:56.948	158.852	158.853			6
2026.05.25	01:35:57.849	158.853	158.854			6
2026.05.25	01:36:00.252	158.853				2
2026.05.25	01:36:00.551	158.851	158.852			6
2026.05.25	01:36:01.152	158.852	158.853			6
2026.05.25	01:36:02.954	158.847	158.848			6
2026.05.25	01:36:03.256	158.846	158.847			6
2026.05.25	01:36:07.458	158.847	158.848			6
2026.05.25	01:36:07.758	158.848	158.849			6
2026.05.25	01:36:08.660	158.849	158.850			6
2026.05.25	01:36:08.960	158.848	158.849			6
2026.05.25	01:36:11.066	158.845	158.846			6
2026.05.25	01:36:11.365	158.843	158.844			6
2026.05.25	01:36:14.671	158.844	158.845			6
2026.05.25	01:36:16.772	158.842	158.843			6
2026.05.25	01:36:17.372	158.844	158.845			6
2026.05.25	01:36:18.575	158.845	158.846			6
2026.05.25	01:36:18.873	158.843	158.844			6
2026.05.25	01:36:21.589	158.849	158.850			6
2026.05.25	01:36:21.884	158.853	158.854			6
2026.05.25	01:36:22.183	158.855	158.856			6
2026.05.25	01:36:23.385	158.845	158.846			6
2026.05.25	01:36:23.682	158.843	158.844			6
2026.05.25	01:36:25.186	158.846	158.847			6
2026.05.25	01:36:25.486	158.848	158.849			6
2026.05.25	01:36:26.088	158.847	158.848			6
2026.05.25	01:36:26.388	158.845	158.846			6
2026.05.25	01:36:26.689	158.844	158.845			6
2026.05.25	01:36:27.290	158.846	158.847			6
2026.05.25	01:36:27.588	158.845	158.846			6
2026.05.25	01:36:32.404	158.843	158.844			6
2026.05.25	01:36:34.208	158.847	158.848			6
2026.05.25	01:36:34.508	158.850	158.851			6
2026.05.25	01:36:35.709	158.845	158.846			6
2026.05.25	01:36:36.009	158.844	158.845			6
2026.05.25	01:36:36.309	158.843	158.844			6
2026.05.25	01:36:40.520	158.844	158.845			6
2026.05.25	01:36:42.025	158.843	158.844			6
2026.05.25	01:36:42.929	158.846	158.847			6
2026.05.25	01:36:44.129	158.845	158.846			6
2026.05.25	01:36:44.430	158.844	158.845			6
2026.05.25	01:36:45.034	158.843	158.844			6
2026.05.25	01:36:45.334	158.844	158.845			6
2026.05.25	01:36:45.635	158.843	158.844			6
2026.05.25	01:36:46.839	158.847	158.848			6
2026.05.25	01:36:48.340	158.848	158.849			6
2026.05.25	01:36:49.542	158.846	158.847			6
2026.05.25	01:36:51.645	158.847	158.848			6
2026.05.25	01:36:51.945	158.848	158.849			6
2026.05.25	01:36:53.448	158.849	158.850			6
2026.05.25	01:36:53.749	158.848	158.849			6
2026.05.25	01:36:54.949	158.852	158.853			6
2026.05.25	01:36:55.250	158.853	158.854			6
2026.05.25	01:37:00.063	158.853				2
2026.05.25	01:37:05.771	158.855	158.856			6
2026.05.25	01:37:06.073	158.854	158.855			6
2026.05.25	01:37:10.275	158.853	158.854			6
2026.05.25	01:37:25.901	158.852	158.853			6
2026.05.25	01:37:30.407	158.853	158.854			6
2026.05.25	01:37:34.619	158.854	158.855			6
2026.05.25	01:37:34.921	158.852	158.853			6
2026.05.25	01:37:40.038	158.851	158.852			6
2026.05.25	01:37:40.338	158.852	158.853			6
2026.05.25	01:37:41.240	158.854	158.855			6
2026.05.25	01:37:41.540	158.853	158.854			6
2026.05.25	01:37:43.647	158.855	158.856			6
2026.05.25	01:37:45.747	158.856	158.857			6
2026.05.25	01:37:46.647	158.854	158.855			6
2026.05.25	01:37:53.558	158.855	158.856			6
2026.05.25	01:37:54.159	158.854	158.855			6
2026.05.25	01:38:00.171	158.854				2
2026.05.25	01:38:01.074	158.856	158.857			6
2026.05.25	01:38:01.674	158.855	158.856			6
2026.05.25	01:38:06.485	158.856	158.857			6
2026.05.25	01:38:06.783	158.857	158.858			6
2026.05.25	01:38:08.286	158.855	158.856			6
2026.05.25	01:38:09.488	158.854	158.855			6
2026.05.25	01:38:12.197	158.855	158.856			6
2026.05.25	01:38:14.899	158.854	158.855			6
2026.05.25	01:38:21.212	158.844	158.845			6
2026.05.25	01:38:22.414	158.845	158.846			6
2026.05.25	01:38:22.714	158.843	158.844			6
2026.05.25	01:38:24.217	158.842	158.843			6
2026.05.25	01:38:24.518	158.843	158.844			6
2026.05.25	01:38:24.821	158.841	158.842			6
2026.05.25	01:38:25.121	158.843	158.844			6
2026.05.25	01:38:25.421	158.851	158.852			6
2026.05.25	01:38:25.723	158.852	158.853			6
2026.05.25	01:38:30.834	158.853	158.854			6
2026.05.25	01:38:33.540	158.852	158.853			6
2026.05.25	01:38:41.046	158.853	158.854			6
2026.05.25	01:38:46.153	158.854	158.855			6
2026.05.25	01:38:49.458	158.852	158.853			6
2026.05.25	01:38:50.658	158.854	158.855			6
2026.05.25	01:38:50.959	158.853	158.854			6
2026.05.25	01:38:52.461	158.854	158.855			6
2026.05.25	01:38:56.065	158.853	158.854			6
2026.05.25	01:38:57.268	158.847	158.848			6
2026.05.25	01:38:57.568	158.845	158.846			6
2026.05.25	01:39:00.277	158.845				2
2026.05.25	01:39:00.878	158.847	158.848			6
2026.05.25	01:39:01.480	158.846	158.847			6
2026.05.25	01:39:04.783	158.849	158.850			6
2026.05.25	01:39:05.085	158.848	158.849			6
2026.05.25	01:39:08.989	158.850	158.851			6
2026.05.25	01:39:09.888	158.851	158.852			6
2026.05.25	01:39:21.311	158.850	158.851			6
2026.05.25	01:39:22.512	158.844	158.845			6
2026.05.25	01:39:22.816	158.843	158.844			6
2026.05.25	01:39:25.821	158.848	158.849			6
2026.05.25	01:39:26.421	158.849	158.850			6
2026.05.25	01:39:29.422	158.848	158.849			6
2026.05.25	01:39:29.722	158.849	158.850			6
2026.05.25	01:39:36.338	158.848	158.849			6
2026.05.25	01:39:41.150	158.847	158.848			6
2026.05.25	01:39:41.450	158.846	158.847			6
2026.05.25	01:39:43.253	158.852	158.853			6
2026.05.25	01:39:43.553	158.853	158.854			6
2026.05.25	01:39:43.852	158.852	158.853			6
2026.05.25	01:39:44.755	158.853	158.854			6
2026.05.25	01:39:45.053	158.849	158.850			6
2026.05.25	01:39:45.354	158.848	158.849			6
2026.05.25	01:39:45.956	158.847	158.848			6
2026.05.25	01:39:47.158	158.849	158.850			6
2026.05.25	01:39:47.458	158.848	158.849			6
2026.05.25	01:39:48.358	158.849	158.850			6
2026.05.25	01:39:49.860	158.848	158.849			6
2026.05.25	01:39:54.368	158.847	158.848			6
2026.05.25	01:39:57.672	158.843	158.844			6
2026.05.25	01:40:00.076	158.843				2
2026.05.25	01:40:00.676	158.847	158.848			6
2026.05.25	01:40:00.978	158.848	158.849			6
2026.05.25	01:40:01.579	158.847	158.848			6
2026.05.25	01:40:02.485	158.848	158.849			6
2026.05.25	01:40:02.783	158.847	158.848			6
2026.05.25	01:40:03.084	158.848	158.849			6
2026.05.25	01:40:07.297	158.847	158.848			6
2026.05.25	01:40:07.597	158.846	158.847			6
2026.05.25	01:40:07.897	158.845	158.846			6
2026.05.25	01:40:08.197	158.843	158.844			6
2026.05.25	01:40:10.900	158.845	158.846			6
2026.05.25	01:40:11.202	158.844	158.845			6
2026.05.25	01:40:11.802	158.847	158.848			6
2026.05.25	01:40:12.102	158.848	158.849			6
2026.05.25	01:40:16.314	158.847	158.848			6
2026.05.25	01:40:16.614	158.849	158.850			6
2026.05.25	01:40:17.215	158.848	158.849			6
2026.05.25	01:40:18.116	158.847	158.848			6
2026.05.25	01:40:18.718	158.848	158.849			6
2026.05.25	01:40:19.017	158.849	158.850			6
2026.05.25	01:40:19.918	158.848	158.849			6
2026.05.25	01:40:22.921	158.849	158.850			6
2026.05.25	01:40:24.121	158.848	158.849			6
2026.05.25	01:40:28.035	158.849	158.850			6
2026.05.25	01:40:28.938	158.848	158.849			6
2026.05.25	01:40:30.138	158.849	158.850			6
2026.05.25	01:40:30.739	158.848	158.849			6
2026.05.25	01:40:33.747	158.849	158.850			6
2026.05.25	01:40:34.046	158.852	158.853			6
2026.05.25	01:40:34.347	158.853	158.854			6
2026.05.25	01:40:37.651	158.852	158.853			6
2026.05.25	01:40:37.951	158.853	158.854			6
2026.05.25	01:40:39.451	158.854	158.855			6
2026.05.25	01:40:41.254	158.853	158.854			6
2026.05.25	01:40:41.855	158.852	158.853			6
2026.05.25	01:40:42.155	158.853	158.854			6
2026.05.25	01:40:42.756	158.852	158.853			6
2026.05.25	01:40:45.157	158.853	158.854			6
2026.05.25	01:40:45.758	158.854	158.855			6
2026.05.25	01:40:46.359	158.852	158.853			6
2026.05.25	01:40:47.564	158.853	158.854			6
2026.05.25	01:40:52.671	158.852	158.853			6
2026.05.25	01:40:52.972	158.853	158.854			6
2026.05.25	01:40:53.272	158.854	158.855			6
2026.05.25	01:40:53.572	158.853	158.854			6
2026.05.25	01:40:54.173	158.855	158.856			6
2026.05.25	01:40:54.773	158.853	158.854			6
2026.05.25	01:40:56.577	158.855	158.856			6
2026.05.25	01:40:56.877	158.854	158.855			6
2026.05.25	01:41:00.182	158.854				2
2026.05.25	01:41:01.383	158.853	158.854			6
2026.05.25	01:41:03.185	158.854	158.855			6
2026.05.25	01:41:03.489	158.857	158.858			6
2026.05.25	01:41:03.785	158.866	158.867			6
2026.05.25	01:41:04.086	158.868	158.869			6
2026.05.25	01:41:11.004	158.867	158.868			6
2026.05.25	01:41:14.005	158.866	158.867			6
2026.05.25	01:41:18.518	158.865	158.866			6
2026.05.25	01:41:19.118	158.863	158.864			6
2026.05.25	01:41:19.420	158.862	158.863			6
2026.05.25	01:41:20.625	158.864	158.865			6
2026.05.25	01:41:21.831	158.861	158.862			6
2026.05.25	01:41:22.135	158.856	158.857			6
2026.05.25	01:41:27.544	158.857	158.858			6
2026.05.25	01:41:28.144	158.856	158.857			6
2026.05.25	01:41:29.646	158.858	158.859			6
2026.05.25	01:41:29.949	158.863	158.864			6
2026.05.25	01:41:30.546	158.864	158.865			6
2026.05.25	01:41:31.747	158.863	158.864			6
2026.05.25	01:41:32.046	158.861	158.862			6
2026.05.25	01:41:32.347	158.860	158.861			6
2026.05.25	01:41:32.647	158.859	158.860			6
2026.05.25	01:41:32.947	158.853	158.854			6
2026.05.25	01:41:33.247	158.854	158.855			6
2026.05.25	01:41:34.450	158.853	158.854			6
2026.05.25	01:41:34.749	158.852	158.853			6
2026.05.25	01:41:39.557	158.853	158.854			6
2026.05.25	01:41:39.857	158.852	158.853			6
2026.05.25	01:41:40.460	158.859	158.860			6
2026.05.25	01:41:40.760	158.860	158.861			6
2026.05.25	01:41:41.060	158.861	158.862			6
2026.05.25	01:41:42.265	158.860	158.861			6
2026.05.25	01:41:42.566	158.861	158.862			6
2026.05.25	01:41:42.868	158.860	158.861			6
2026.05.25	01:41:43.167	158.859	158.860			6
2026.05.25	01:41:43.768	158.860	158.861			6
2026.05.25	01:41:45.570	158.861	158.862			6
2026.05.25	01:41:45.871	158.860	158.861			6
2026.05.25	01:41:46.170	158.859	158.860			6
2026.05.25	01:41:46.770	158.860	158.861			6
2026.05.25	01:41:47.372	158.859	158.860			6
2026.05.25	01:41:47.672	158.858	158.859			6
2026.05.25	01:41:50.075	158.856	158.857			6
2026.05.25	01:41:50.375	158.855	158.856			6
2026.05.25	01:41:51.280	158.856	158.857			6
2026.05.25	01:41:51.580	158.855	158.856			6
2026.05.25	01:41:53.383	158.860	158.861			6
2026.05.25	01:41:53.682	158.861	158.862			6
2026.05.25	01:41:57.291	158.862	158.863			6
2026.05.25	01:41:58.793	158.863	158.864			6
2026.05.25	01:41:59.095	158.864	158.865			6
2026.05.25	01:41:59.693	158.865	158.866			6
2026.05.25	01:42:00.294	158.866	158.867			6
2026.05.25	01:42:05.705	158.865	158.866			6
2026.05.25	01:42:07.209	158.862	158.863			6
2026.05.25	01:42:12.325	158.860	158.861			6
2026.05.25	01:42:14.129	158.863	158.864			6
2026.05.25	01:42:15.033	158.864	158.865			6
2026.05.25	01:42:15.333	158.865	158.866			6
2026.05.25	01:42:16.537	158.863	158.864			6
2026.05.25	01:42:18.639	158.864	158.865			6
2026.05.25	01:42:32.169	158.863	158.864			6
2026.05.25	01:42:33.371	158.862	158.863			6
2026.05.25	01:42:35.776	158.863	158.864			6
2026.05.25	01:42:36.076	158.861	158.862			6
2026.05.25	01:42:36.376	158.862	158.863			6
2026.05.25	01:42:36.677	158.863	158.864			6
2026.05.25	01:42:36.977	158.864	158.865			6
2026.05.25	01:42:37.276	158.865	158.866			6
2026.05.25	01:42:37.578	158.864	158.865			6
2026.05.25	01:42:37.877	158.862	158.863			6
2026.05.25	01:42:38.478	158.863	158.864			6
2026.05.25	01:42:39.984	158.864	158.865			6
2026.05.25	01:42:49.596	158.863	158.864			6
2026.05.25	01:42:49.897	158.862	158.863			6
2026.05.25	01:42:50.196	158.863	158.864			6
2026.05.25	01:42:50.498	158.862	158.863			6
2026.05.25	01:42:50.798	158.861	158.862			6
2026.05.25	01:42:51.998	158.860	158.861			6
2026.05.25	01:42:58.303	158.862	158.863			6
2026.05.25	01:42:58.906	158.858	158.859			6
2026.05.25	01:42:59.205	158.857	158.858			6
2026.05.25	01:42:59.506	158.859	158.860			6
2026.05.25	01:42:59.809	158.860	158.861			6
2026.05.25	01:43:00.108	158.861	158.862			6
2026.05.25	01:43:00.408	158.859	158.860			6
2026.05.25	01:43:00.710	158.860	158.861			6
2026.05.25	01:43:01.009	158.861	158.862			6
2026.05.25	01:43:01.610	158.862	158.863			6
2026.05.25	01:43:01.910	158.861	158.862			6
2026.05.25	01:43:02.811	158.862	158.863			6
2026.05.25	01:43:04.618	158.861	158.862			6
2026.05.25	01:43:06.125	158.862	158.863			6
2026.05.25	01:43:07.027	158.861	158.862			6
2026.05.25	01:43:07.328	158.860	158.861			6
2026.05.25	01:43:08.831	158.861	158.862			6
2026.05.25	01:43:09.131	158.862	158.863			6
2026.05.25	01:43:11.232	158.861	158.862			6
2026.05.25	01:43:11.534	158.854	158.855			6
2026.05.25	01:43:11.834	158.853	158.854			6
2026.05.25	01:43:12.437	158.854	158.855			6
2026.05.25	01:43:13.637	158.855	158.856			6
2026.05.25	01:43:18.144	158.854	158.855			6
2026.05.25	01:43:18.444	158.853	158.854			6
2026.05.25	01:43:21.448	158.856	158.857			6
2026.05.25	01:43:21.749	158.855	158.856			6
2026.05.25	01:43:22.351	158.860	158.861			6
2026.05.25	01:43:22.651	158.862	158.863			6
2026.05.25	01:43:22.951	158.859	158.860			6
2026.05.25	01:43:23.252	158.862	158.863			6
2026.05.25	01:43:23.551	158.861	158.862			6
2026.05.25	01:43:24.755	158.862	158.863			6
2026.05.25	01:43:25.055	158.860	158.861			6
2026.05.25	01:43:26.262	158.861	158.862			6
2026.05.25	01:43:27.165	158.860	158.861			6
2026.05.25	01:43:27.465	158.857	158.858			6
2026.05.25	01:43:27.766	158.855	158.856			6
2026.05.25	01:43:29.267	158.856	158.857			6
2026.05.25	01:43:29.567	158.855	158.856			6
2026.05.25	01:43:33.471	158.853	158.854			6
2026.05.25	01:43:38.277	158.857	158.858			6
2026.05.25	01:43:38.578	158.861	158.862			6
2026.05.25	01:43:38.878	158.862	158.863			6
2026.05.25	01:43:39.181	158.859	158.860			6
2026.05.25	01:43:39.480	158.863	158.864			6
2026.05.25	01:43:39.781	158.864	158.865			6
2026.05.25	01:43:51.498	158.865	158.866			6
2026.05.25	01:44:00.205	158.865				2
2026.05.25	01:44:06.517	158.864	158.865			6
2026.05.25	01:44:09.825	158.865	158.866			6
2026.05.25	01:44:11.332	158.864	158.865			6
2026.05.25	01:44:19.743	158.863	158.864			6
2026.05.25	01:44:20.044	158.864	158.865			6
2026.05.25	01:44:25.451	158.865	158.866			6
2026.05.25	01:44:29.953	158.864	158.865			6
2026.05.25	01:44:32.661	158.865	158.866			6
2026.05.25	01:44:36.568	158.864	158.865			6
2026.05.25	01:44:36.868	158.858	158.859			6
2026.05.25	01:44:37.169	158.854	158.855			6
2026.05.25	01:44:37.469	158.853	158.854			6
2026.05.25	01:44:38.070	158.857	158.858			6
2026.05.25	01:44:38.370	158.856	158.857			6
2026.05.25	01:44:40.472	158.857	158.858			6
2026.05.25	01:44:42.272	158.856	158.857			6
2026.05.25	01:44:46.784	158.857	158.858			6
2026.05.25	01:44:47.084	158.855	158.856			6
2026.05.25	01:44:47.986	158.856	158.857			6
2026.05.25	01:44:49.795	158.857	158.858			6
2026.05.25	01:44:50.998	158.855	158.856			6
2026.05.25	01:44:51.599	158.854	158.855			6
2026.05.25	01:44:54.911	158.856	158.857			6
2026.05.25	01:44:59.720	158.855	158.856			6
2026.05.25	01:45:00.022	158.855				2
2026.05.25	01:45:03.332	158.854	158.855			6
2026.05.25	01:45:03.937	158.855	158.856			6
2026.05.25	01:45:04.839	158.854	158.855			6
2026.05.25	01:45:15.473	158.855	158.856			6
2026.05.25	01:45:20.862	158.856	158.857			6
2026.05.25	01:45:22.367	158.857	158.858			6
2026.05.25	01:45:22.668	158.863	158.864			6
2026.05.25	01:45:22.968	158.864	158.865			6
2026.05.25	01:45:23.674	158.865	158.866			6
2026.05.25	01:45:32.390	158.866	158.867			6
2026.05.25	01:45:32.691	158.868	158.869			6
2026.05.25	01:45:32.991	158.867	158.868			6
2026.05.25	01:45:43.211	158.865	158.866			6
2026.05.25	01:45:45.014	158.860	158.861			6
2026.05.25	01:45:45.315	158.856	158.857			6
2026.05.25	01:45:49.224	158.857	158.858			6
2026.05.25	01:45:49.524	158.858	158.859			6
2026.05.25	01:45:50.124	158.857	158.858			6
2026.05.25	01:45:52.533	158.858	158.859			6
2026.05.25	01:45:54.037	158.856	158.857			6
2026.05.25	01:45:54.337	158.855	158.856			6
2026.05.25	01:45:55.538	158.859	158.860			6
2026.05.25	01:45:55.837	158.858	158.859			6
2026.05.25	01:45:56.739	158.857	158.858			6
2026.05.25	01:45:57.040	158.858	158.859			6
2026.05.25	01:45:57.339	158.857	158.858			6
2026.05.25	01:46:00.042	158.857				2
2026.05.25	01:46:00.643	158.856	158.857			6
2026.05.25	01:46:02.745	158.855	158.856			6
2026.05.25	01:46:03.044	158.859	158.860			6
2026.05.25	01:46:03.645	158.862	158.863			6
2026.05.25	01:46:03.945	158.863	158.864			6
2026.05.25	01:46:09.050	158.855	158.856			6
2026.05.25	01:46:09.350	158.852	158.853			6
2026.05.25	01:46:09.649	158.846	158.847			6
2026.05.25	01:46:09.950	158.843	158.844			6
2026.05.25	01:46:10.250	158.842	158.843			6
2026.05.25	01:46:11.451	158.843	158.844			6
2026.05.25	01:46:12.051	158.845	158.846			6
2026.05.25	01:46:13.252	158.846	158.847			6
2026.05.25	01:46:13.553	158.847	158.848			6
2026.05.25	01:46:13.853	158.848	158.849			6
2026.05.25	01:46:17.161	158.847	158.848			6
2026.05.25	01:46:18.964	158.848	158.849			6
2026.05.25	01:46:21.965	158.849	158.850			6
2026.05.25	01:46:22.565	158.845	158.846			6
2026.05.25	01:46:22.866	158.844	158.845			6
2026.05.25	01:46:24.368	158.842	158.843			6
2026.05.25	01:46:24.669	158.843	158.844			6
2026.05.25	01:46:26.772	158.850	158.851			6
2026.05.25	01:46:27.072	158.852	158.853			6
2026.05.25	01:46:27.373	158.853	158.854			6
2026.05.25	01:46:28.273	158.847	158.848			6
2026.05.25	01:46:28.573	158.845	158.846			6
2026.05.25	01:46:29.474	158.844	158.845			6
2026.05.25	01:46:29.774	158.845	158.846			6
2026.05.25	01:46:30.374	158.848	158.849			6
2026.05.25	01:46:32.780	158.847	158.848			6
2026.05.25	01:46:33.982	158.851	158.852			6
2026.05.25	01:46:34.283	158.852	158.853			6
2026.05.25	01:46:35.786	158.850	158.851			6
2026.05.25	01:46:36.086	158.849	158.850			6
2026.05.25	01:46:36.987	158.851	158.852			6
2026.05.25	01:46:37.287	158.853	158.854			6
2026.05.25	01:46:39.995	158.854	158.855			6
2026.05.25	01:46:45.701	158.853	158.854			6
2026.05.25	01:46:47.207	158.854	158.855			6
2026.05.25	01:46:47.508	158.855	158.856			6
2026.05.25	01:46:51.117	158.854	158.855			6
2026.05.25	01:46:51.417	158.853	158.854			6
2026.05.25	01:46:51.718	158.854	158.855			6
2026.05.25	01:46:54.124	158.853	158.854			6
2026.05.25	01:46:58.637	158.854	158.855			6
2026.05.25	01:47:00.140	158.854				2
2026.05.25	01:47:01.041	158.853	158.854			6
2026.05.25	01:47:02.543	158.852	158.853			6
2026.05.25	01:47:03.143	158.854	158.855			6
2026.05.25	01:47:07.947	158.855	158.856			6
2026.05.25	01:47:24.475	158.856	158.857			6
2026.05.25	01:47:52.138	158.855	158.856			6
2026.05.25	01:47:57.249	158.858	158.859			6
2026.05.25	01:47:57.549	158.859	158.860			6
2026.05.25	01:47:57.849	158.858	158.859			6
2026.05.25	01:47:58.149	158.857	158.858			6
2026.05.25	01:47:59.050	158.859	158.860			6
2026.05.25	01:47:59.650	158.858	158.859			6
2026.05.25	01:48:00.252	158.858				2
2026.05.25	01:48:02.961	158.857	158.858			6
2026.05.25	01:48:10.769	158.858	158.859			6
2026.05.25	01:48:11.069	158.857	158.858			6
2026.05.25	01:48:11.370	158.856	158.857			6
2026.05.25	01:48:11.670	158.858	158.859			6
2026.05.25	01:48:14.075	158.857	158.858			6
2026.05.25	01:48:14.375	158.858	158.859			6
2026.05.25	01:48:16.180	158.857	158.858			6
2026.05.25	01:48:19.185	158.859	158.860			6
2026.05.25	01:48:19.486	158.858	158.859			6
2026.05.25	01:48:23.388	158.863	158.864			6
2026.05.25	01:48:23.988	158.862	158.863			6
2026.05.25	01:48:24.290	158.856	158.857			6
2026.05.25	01:48:26.092	158.857	158.858			6
2026.05.25	01:48:27.895	158.856	158.857			6
2026.05.25	01:48:36.309	158.857	158.858			6
2026.05.25	01:48:36.610	158.859	158.860			6
2026.05.25	01:48:37.213	158.858	158.859			6
2026.05.25	01:48:42.028	158.859	158.860			6
2026.05.25	01:48:45.339	158.857	158.858			6
2026.05.25	01:48:49.849	158.856	158.857			6
2026.05.25	01:48:50.750	158.857	158.858			6
2026.05.25	01:49:00.070	158.857				2
2026.05.25	01:49:01.273	158.856	158.857			6
2026.05.25	01:49:02.774	158.857	158.858			6
2026.05.25	01:49:07.887	158.858	158.859			6
2026.05.25	01:49:08.187	158.857	158.858			6
2026.05.25	01:49:14.196	158.859	158.860			6
2026.05.25	01:49:14.496	158.860	158.861			6
2026.05.25	01:49:15.397	158.859	158.860			6
2026.05.25	01:49:22.911	158.863	158.864			6
2026.05.25	01:49:23.818	158.862	158.863			6
2026.05.25	01:49:28.331	158.863	158.864			6
2026.05.25	01:49:29.534	158.864	158.865			6
2026.05.25	01:49:29.834	158.865	158.866			6
2026.05.25	01:49:30.136	158.864	158.865			6
2026.05.25	01:49:30.437	158.866	158.867			6
2026.05.25	01:49:34.945	158.863	158.864			6
2026.05.25	01:49:35.245	158.864	158.865			6
2026.05.25	01:49:35.846	158.865	158.866			6
2026.05.25	01:49:38.248	158.864	158.865			6
2026.05.25	01:49:44.259	158.865	158.866			6
2026.05.25	01:49:48.465	158.860	158.861			6
