<DATE>	<TIME>	<BID>	<ASK>	<LAST>	<VOLUME>	<FLAGS>
2026.03.30	00:03:30.952	160.161	160.273			6
2026.03.30	00:04:00.205	160.161				2
2026.03.30	00:04:31.252		160.273			4
2026.03.30	00:05:00.150	160.161				2
2026.03.30	00:05:00.454		160.293			4
2026.03.30	00:05:01.963		160.268			4
2026.03.30	00:05:05.277	160.158	160.231			6
2026.03.30	00:05:05.878		160.229			4
2026.03.30	00:05:08.898		160.224			4
2026.03.30	00:05:13.111		160.227			4
2026.03.30	00:05:13.711		160.228			4
2026.03.30	00:05:24.531		160.227			4
2026.03.30	00:05:26.036		160.225			4
2026.03.30	00:05:37.779		160.224			4
2026.03.30	00:05:40.791		160.225			4
2026.03.30	00:05:41.391		160.223			4
2026.03.30	00:05:45.910		160.224			4
2026.03.30	00:05:49.520		160.222			4
2026.03.30	00:06:00.064	160.158	160.223			6
2026.03.30	00:06:09.400		160.221			4
2026.03.30	00:06:11.805		160.223			4
2026.03.30	00:06:14.817		160.222			4
2026.03.30	00:06:25.933		160.220			4
2026.03.30	00:06:28.335		160.221			4
2026.03.30	00:06:31.042		160.220			4
2026.03.30	00:06:42.191		160.221			4
2026.03.30	00:06:43.393		160.224			4
2026.03.30	00:06:44.600		160.225			4
2026.03.30	00:06:45.505		160.226			4
2026.03.30	00:06:46.408		160.228			4
2026.03.30	00:06:48.513		160.229			4
2026.03.30	00:06:50.319		160.230			4
2026.03.30	00:06:50.920		160.228			4
2026.03.30	00:06:51.521		160.229			4
2026.03.30	00:06:53.324		160.230			4
2026.03.30	00:06:53.624		160.231			4
2026.03.30	00:06:55.426		160.268			4
2026.03.30	00:07:00.235	160.158				2
2026.03.30	00:07:09.571		160.269			4
2026.03.30	00:07:12.885		160.267			4
2026.03.30	00:07:28.223		160.268			4
2026.03.30	00:07:29.726		160.267			4
2026.03.30	00:07:30.928		160.268			4
2026.03.30	00:07:36.641		160.269			4
2026.03.30	00:08:00.125	160.158				2
2026.03.30	00:08:27.520		160.268			4
2026.03.30	00:08:39.859		160.269			4
2026.03.30	00:09:00.232	160.158				2
2026.03.30	00:09:00.534	160.159				2
2026.03.30	00:09:40.232		160.269			4
2026.03.30	00:10:00.303	160.159				2
2026.03.30	00:10:01.534	160.157	160.270			6
2026.03.30	00:11:01.308	160.157				2
2026.03.30	00:11:01.834		160.270			4
2026.03.30	00:11:17.332	160.158				2
2026.03.30	00:11:20.138	160.161				2
2026.03.30	00:11:20.438	160.159	160.290			6
2026.03.30	00:11:21.341	160.160	160.289			6
2026.03.30	00:11:22.241	160.167	160.276			6
2026.03.30	00:11:22.541	160.160	160.291			6
2026.03.30	00:11:23.442	160.167	160.273			6
2026.03.30	00:11:31.868		160.272			4
2026.03.30	00:12:00.149	160.167				2
2026.03.30	00:12:01.660	160.161	160.301			6
2026.03.30	00:12:01.962		160.291			4
2026.03.30	00:12:03.771		160.309			4
2026.03.30	00:12:04.072		160.311			4
2026.03.30	00:12:04.684	160.166	160.302			6
2026.03.30	00:12:06.494		160.304			4
2026.03.30	00:12:08.904		160.303			4
2026.03.30	00:12:09.205		160.304			4
2026.03.30	00:12:14.923		160.303			4
2026.03.30	00:12:17.926		160.301			4
2026.03.30	00:12:21.531		160.311			4
2026.03.30	00:12:59.105	160.118	160.287			6
2026.03.30	00:13:00.007	160.118				2
2026.03.30	00:13:06.921	160.116	160.285			6
2026.03.30	00:13:15.934	160.108	160.275			6
2026.03.30	00:13:20.140	160.107				2
2026.03.30	00:13:21.641	160.094	160.263			6
2026.03.30	00:13:33.090	160.102	160.271			6
2026.03.30	00:13:33.391	160.104	160.273			6
2026.03.30	00:13:34.901	160.102	160.271			6
2026.03.30	00:13:37.910	160.098	160.267			6
2026.03.30	00:13:40.918	160.097	160.266			6
2026.03.30	00:13:48.438	160.098	160.267			6
2026.03.30	00:13:53.851	160.096	160.265			6
2026.03.30	00:14:00.176	160.096				2
2026.03.30	00:14:15.825	160.108	160.277			6
2026.03.30	00:14:20.029	160.096	160.265			6
2026.03.30	00:15:00.036	160.096				2
2026.03.30	00:15:00.336	160.108	160.277			6
2026.03.30	00:15:00.937	160.100	160.269			6
2026.03.30	00:15:01.540	160.095	160.245			6
2026.03.30	00:15:05.161		160.242			4
2026.03.30	00:15:09.076		160.245			4
2026.03.30	00:15:12.091		160.243			4
2026.03.30	00:15:45.196		160.242			4
2026.03.30	00:15:46.402		160.245			4
2026.03.30	00:16:00.226	160.095	160.263			6
2026.03.30	00:16:07.445	160.094				2
2026.03.30	00:16:09.251	160.095				2
2026.03.30	00:17:00.107	160.095				2
2026.03.30	00:17:00.409		160.263			4
2026.03.30	00:17:16.645	160.100	160.269			6
2026.03.30	00:17:22.371	160.099	160.268			6
2026.03.30	00:17:26.584	160.100	160.269			6
2026.03.30	00:17:53.971	160.099	160.268			6
2026.03.30	00:18:00.291	160.098	160.261			6
2026.03.30	00:18:08.420	160.113	160.260			6
2026.03.30	00:18:08.723	160.117	160.261			6
2026.03.30	00:18:10.828		160.262			4
2026.03.30	00:18:12.932		160.261			4
2026.03.30	00:18:13.835		160.262			4
2026.03.30	00:18:21.971		160.261			4
2026.03.30	00:18:29.800		160.262			4
2026.03.30	00:18:53.595		160.263			4
2026.03.30	00:18:57.820		160.262			4
2026.03.30	00:19:00.227	160.117				2
2026.03.30	00:19:00.826		160.263			4
2026.03.30	00:19:07.147		160.264			4
2026.03.30	00:19:08.954		160.263			4
2026.03.30	00:19:15.890		160.264			4
2026.03.30	00:19:30.026		160.275			4
2026.03.30	00:19:37.241		160.274			4
2026.03.30	00:19:48.105		160.275			4
2026.03.30	00:20:00.132	160.117				2
2026.03.30	00:20:11.574	160.114	160.283			6
2026.03.30	00:20:25.125	160.116	160.285			6
2026.03.30	00:21:00.031	160.116				2
2026.03.30	00:21:11.765	160.118	160.287			6
2026.03.30	00:21:55.070	160.117	160.286			6
2026.03.30	00:22:00.175	160.118	160.287			6
2026.03.30	00:22:20.326	160.117	160.286			6
2026.03.30	00:22:20.627	160.118	160.287			6
2026.03.30	00:22:39.010	160.117	160.286			6
2026.03.30	00:22:50.432	160.118	160.287			6
2026.03.30	00:23:00.055	160.118				2
2026.03.30	00:23:50.616		160.287			4
2026.03.30	00:24:00.228	160.118				2
2026.03.30	00:24:02.639	160.116	160.285			6
2026.03.30	00:24:12.887	160.114	160.283			6
2026.03.30	00:24:30.327		160.281			4
2026.03.30	00:25:00.111	160.114				2
2026.03.30	00:25:19.656		160.282			4
2026.03.30	00:25:28.988		160.281			4
2026.03.30	00:25:50.033		160.282			4
2026.03.30	00:26:00.264	160.106	160.275			6
2026.03.30	00:26:04.173	160.098	160.267			6
2026.03.30	00:26:08.691	160.094	160.263			6
2026.03.30	00:26:30.635	160.095	160.264			6
2026.03.30	00:26:34.845	160.096	160.265			6
2026.03.30	00:27:00.143	160.096				2
2026.03.30	00:27:35.075		160.265			4
2026.03.30	00:28:00.062	160.096				2
2026.03.30	00:28:00.359	160.098	160.267			6
2026.03.30	00:28:19.326	160.099	160.268			6
2026.03.30	00:28:20.528	160.100	160.269			6
2026.03.30	00:28:23.527	160.092	160.261			6
2026.03.30	00:29:00.240	160.092				2
2026.03.30	00:29:23.722		160.261			4
2026.03.30	00:29:26.125	160.122	160.267			6
2026.03.30	00:29:30.628		160.268			4
2026.03.30	00:29:31.829		160.267			4
2026.03.30	00:29:32.131		160.269			4
2026.03.30	00:29:36.339		160.270			4
2026.03.30	00:29:36.945		160.269			4
2026.03.30	00:29:39.656		160.268			4
2026.03.30	00:29:42.369		160.269			4
2026.03.30	00:29:44.776		160.270			4
2026.03.30	00:29:50.204		160.271			4
2026.03.30	00:29:53.506		160.272			4
2026.03.30	00:29:54.416		160.271			4
2026.03.30	00:29:55.619		160.272			4
2026.03.30	00:29:57.120		160.273			4
2026.03.30	00:30:00.126	160.122				2
2026.03.30	00:30:01.927		160.275			4
2026.03.30	00:30:09.440	160.096	160.260			6
2026.03.30	00:30:10.945	160.090	160.259			6
2026.03.30	00:30:27.220	160.092	160.260			6
2026.03.30	00:30:37.740	160.090	160.259			6
2026.03.30	00:31:00.018	160.090				2
2026.03.30	00:31:09.336	160.092	160.260			6
2026.03.30	00:31:16.566	160.090	160.259			6
2026.03.30	00:31:29.521	160.083	160.249			6
2026.03.30	00:31:47.250		160.247			4
2026.03.30	00:31:51.776		160.249			4
2026.03.30	00:31:59.302		160.247			4
2026.03.30	00:32:01.087	160.083				2
2026.03.30	00:33:00.334	160.083	160.247			6
2026.03.30	00:33:09.634	160.129	160.235			6
2026.03.30	00:33:14.745		160.236			4
2026.03.30	00:33:16.856	160.127	160.222			6
2026.03.30	00:33:26.484		160.223			4
2026.03.30	00:33:31.910		160.222			4
2026.03.30	00:33:32.211	160.120	160.227			6
2026.03.30	00:33:36.418		160.226			4
2026.03.30	00:33:37.020		160.227			4
2026.03.30	00:33:40.924		160.228			4
2026.03.30	00:33:42.727		160.227			4
2026.03.30	00:33:46.335		160.228			4
2026.03.30	00:33:51.161		160.227			4
2026.03.30	00:33:56.282		160.228			4
2026.03.30	00:33:56.889		160.227			4
2026.03.30	00:33:58.391		160.228			4
2026.03.30	00:33:58.694		160.227			4
2026.03.30	00:33:59.296		160.228			4
2026.03.30	00:34:00.198	160.120				2
2026.03.30	00:34:20.931		160.229			4
2026.03.30	00:34:21.231		160.228			4
2026.03.30	00:34:26.341		160.229			4
2026.03.30	00:34:26.641		160.227			4
2026.03.30	00:34:27.242		160.228			4
2026.03.30	00:34:39.281	160.122				2
2026.03.30	00:34:40.484	160.119				2
2026.03.30	00:34:40.785		160.229			4
2026.03.30	00:34:41.086	160.122	160.225			6
2026.03.30	00:34:41.388	160.119	160.227			6
2026.03.30	00:34:42.291	160.123	160.228			6
2026.03.30	00:34:42.591	160.121	160.225			6
2026.03.30	00:34:48.613	160.122	160.221			6
2026.03.30	00:34:48.915		160.222			4
2026.03.30	00:34:49.217		160.221			4
2026.03.30	00:34:53.125	160.110				2
2026.03.30	00:34:53.425	160.096	160.234			6
2026.03.30	00:34:53.726		160.233			4
2026.03.30	00:34:54.926		160.234			4
2026.03.30	00:34:55.529		160.237			4
2026.03.30	00:34:59.133	160.098				2
2026.03.30	00:34:59.434		160.238			4
2026.03.30	00:35:00.035	160.098				2
2026.03.30	00:35:05.757	160.134	160.223			6
2026.03.30	00:35:10.232	160.135				2
2026.03.30	00:35:25.835		160.222			4
2026.03.30	00:35:31.858		160.221			4
2026.03.30	00:35:35.773		160.220			4
2026.03.30	00:35:37.883		160.221			4
2026.03.30	00:35:38.787		160.222			4
2026.03.30	00:35:41.798		160.221			4
2026.03.30	00:35:42.099	160.149	160.275			6
2026.03.30	00:35:43.132	160.142				2
2026.03.30	00:35:44.560	160.145				2
2026.03.30	00:35:44.864	160.142	160.260			6
2026.03.30	00:35:45.164		160.261			4
2026.03.30	00:35:45.467		160.260			4
2026.03.30	00:35:46.070	160.143				2
2026.03.30	00:35:47.872		160.261			4
2026.03.30	00:35:48.173		160.262			4
2026.03.30	00:35:48.475		160.260			4
2026.03.30	00:35:49.979		160.262			4
2026.03.30	00:35:57.501		160.264			4
2026.03.30	00:36:00.206	160.143				2
2026.03.30	00:36:00.505		160.263			4
2026.03.30	00:36:01.106		160.264			4
2026.03.30	00:36:01.407		160.265			4
2026.03.30	00:36:02.009		160.266			4
2026.03.30	00:36:03.511		160.267			4
2026.03.30	00:36:04.418	160.120	160.243			6
2026.03.30	00:36:04.719		160.242			4
2026.03.30	00:36:05.924		160.244			4
2026.03.30	00:36:06.826		160.246			4
2026.03.30	00:36:07.126	160.122				2
2026.03.30	00:36:07.426		160.255			4
2026.03.30	00:36:08.025	160.160	160.270			6
2026.03.30	00:36:18.271	160.161				2
2026.03.30	00:36:19.542	160.159	160.254			6
2026.03.30	00:36:21.858	160.101	160.245			6
2026.03.30	00:36:22.160	160.099	160.243			6
2026.03.30	00:36:22.461		160.245			4
2026.03.30	00:36:23.669	160.098	160.244			6
2026.03.30	00:36:23.971	160.130	160.267			6
2026.03.30	00:36:24.271	160.112	160.263			6
2026.03.30	00:36:24.571	160.109	160.264			6
2026.03.30	00:36:24.872	160.108	160.267			6
2026.03.30	00:36:25.172	160.127				2
2026.03.30	00:36:25.473	160.147				2
2026.03.30	00:36:25.774	160.146				2
2026.03.30	00:36:26.077	160.150				2
2026.03.30	00:36:26.378	160.149				2
2026.03.30	00:36:28.489	160.150				2
2026.03.30	00:36:29.395	160.149				2
2026.03.30	00:36:31.205	160.150				2
2026.03.30	00:36:33.318	160.149				2
2026.03.30	00:36:35.121	160.148				2
2026.03.30	00:36:35.723	160.147				2
2026.03.30	00:36:36.324	160.149				2
2026.03.30	00:36:36.926	160.147				2
2026.03.30	00:36:37.526	160.149				2
2026.03.30	00:36:37.825	160.148				2
2026.03.30	00:36:38.428	160.147				2
2026.03.30	00:36:39.629	160.148				2
2026.03.30	00:36:39.929	160.151				2
2026.03.30	00:36:41.431	160.150				2
2026.03.30	00:36:44.436	160.151				2
2026.03.30	00:36:45.640	160.150				2
2026.03.30	00:36:45.941	160.151				2
2026.03.30	00:36:46.241	160.141				2
2026.03.30	00:36:46.542	160.136				2
2026.03.30	00:36:46.841	160.137				2
2026.03.30	00:36:47.142	160.140				2
2026.03.30	00:36:49.248	160.150				2
2026.03.30	00:36:51.356	160.147				2
2026.03.30	00:36:51.656	160.148				2
2026.03.30	00:36:52.858	160.149				2
2026.03.30	00:36:57.989	160.147				2
2026.03.30	00:36:59.494	160.149				2
2026.03.30	00:37:00.101	160.148				2
2026.03.30	00:37:01.004	160.147				2
2026.03.30	00:37:03.413	160.146				2
2026.03.30	00:37:07.924	160.147				2
2026.03.30	00:37:08.525	160.146				2
2026.03.30	00:37:10.025	160.147				2
2026.03.30	00:37:16.632	160.145	160.258			6
2026.03.30	00:37:19.338	160.138				2
2026.03.30	00:37:20.842	160.135				2
2026.03.30	00:37:22.349	160.138				2
2026.03.30	00:37:22.650	160.139				2
2026.03.30	00:37:24.771	160.138				2
2026.03.30	00:37:29.591	160.121				2
2026.03.30	00:37:29.891	160.118				2
2026.03.30	00:37:30.192	160.104				2
2026.03.30	00:37:30.793	160.108				2
2026.03.30	00:37:31.394	160.125				2
2026.03.30	00:37:31.695	160.134				2
2026.03.30	00:37:31.995	160.126				2
2026.03.30	00:37:32.296	160.108				2
2026.03.30	00:37:32.597	160.118				2
2026.03.30	00:37:33.200	160.127				2
2026.03.30	00:37:33.500	160.128				2
2026.03.30	00:37:33.801	160.132				2
2026.03.30	00:37:34.405	160.127				2
2026.03.30	00:37:34.706	160.138				2
2026.03.30	00:37:35.612	160.133				2
2026.03.30	00:37:35.911	160.132				2
2026.03.30	00:37:38.020	160.139				2
2026.03.30	00:37:38.320	160.140				2
2026.03.30	00:37:39.824	160.139				2
2026.03.30	00:37:40.125	160.127				2
2026.03.30	00:37:40.425	160.134				2
2026.03.30	00:37:41.925	160.132				2
2026.03.30	00:37:44.026	160.133				2
2026.03.30	00:37:44.326	160.132				2
2026.03.30	00:37:45.227	160.133				2
2026.03.30	00:37:45.829	160.132				2
2026.03.30	00:37:46.729	160.131				2
2026.03.30	00:37:50.034	160.130				2
2026.03.30	00:38:00.269	160.134				2
2026.03.30	00:38:00.570	160.136				2
2026.03.30	00:38:01.470	160.133				2
2026.03.30	00:38:01.771	160.125				2
2026.03.30	00:38:02.070	160.130				2
2026.03.30	00:38:04.478	160.131				2
2026.03.30	00:38:07.195	160.127				2
2026.03.30	00:38:07.495	160.106				2
2026.03.30	00:38:07.796	160.104				2
2026.03.30	00:38:08.096	160.103				2
2026.03.30	00:38:08.400	160.118				2
2026.03.30	00:38:08.700	160.110				2
2026.03.30	00:38:09.301	160.111				2
2026.03.30	00:38:09.603	160.110				2
2026.03.30	00:38:10.505	160.109				2
2026.03.30	00:38:12.909	160.121				2
2026.03.30	00:38:13.510	160.122				2
2026.03.30	00:38:15.617	160.127				2
2026.03.30	00:38:15.917	160.128				2
2026.03.30	00:38:16.817		160.258			4
2026.03.30	00:38:17.417	160.123				2
2026.03.30	00:38:17.718	160.131				2
2026.03.30	00:38:19.821	160.130				2
2026.03.30	00:38:20.123	160.132				2
2026.03.30	00:38:22.825	160.134				2
2026.03.30	00:38:23.126	160.124				2
2026.03.30	00:38:23.426	160.130				2
2026.03.30	00:38:23.727	160.131				2
2026.03.30	00:38:26.738	160.132				2
2026.03.30	00:38:27.039	160.133				2
2026.03.30	00:38:29.143	160.130				2
2026.03.30	00:38:30.044	160.086	160.255			6
2026.03.30	00:38:30.345	160.090	160.258			6
2026.03.30	00:38:31.552	160.085	160.254			6
2026.03.30	00:38:32.454	160.088	160.257			6
2026.03.30	00:38:38.177	160.086	160.255			6
2026.03.30	00:38:46.009	160.084	160.253			6
2026.03.30	00:38:46.610	160.086	160.255			6
2026.03.30	00:39:00.133	160.086				2
2026.03.30	00:39:07.960	160.084	160.253			6
2026.03.30	00:39:10.664	160.088	160.257			6
2026.03.30	00:39:16.082	160.086	160.255			6
2026.03.30	00:39:20.599	160.157	160.250			6
2026.03.30	00:39:20.902		160.251			4
2026.03.30	00:39:22.406		160.250			4
2026.03.30	00:39:25.713	160.178	160.347			6
2026.03.30	00:39:26.019	160.184	160.353			6
2026.03.30	00:39:26.620	160.186	160.355			6
2026.03.30	00:39:27.823	160.184	160.353			6
2026.03.30	00:39:28.724	160.185	160.354			6
2026.03.30	00:39:29.625	160.186	160.355			6
2026.03.30	00:39:31.732	160.188	160.357			6
2026.03.30	00:39:33.235	160.216	160.383			6
2026.03.30	00:39:33.535	160.214	160.381			6
2026.03.30	00:39:33.835	160.216	160.385			6
2026.03.30	00:39:34.136	160.214	160.383			6
2026.03.30	00:39:34.738	160.212	160.381			6
2026.03.30	00:39:35.041	160.213	160.382			6
2026.03.30	00:39:35.641	160.214	160.383			6
2026.03.30	00:39:35.942	160.216	160.385			6
2026.03.30	00:39:36.242	160.214	160.383			6
2026.03.30	00:39:36.843	160.216	160.385			6
2026.03.30	00:39:37.446	160.219	160.384			6
2026.03.30	00:39:37.746	160.214	160.383			6
2026.03.30	00:39:38.046	160.216	160.385			6
2026.03.30	00:39:40.758	160.214	160.383			6
2026.03.30	00:39:41.664	160.216	160.385			6
2026.03.30	00:39:42.566	160.218	160.387			6
2026.03.30	00:39:44.371	160.216	160.385			6
2026.03.30	00:39:44.974	160.218	160.387			6
2026.03.30	00:39:45.276	160.253	160.411			6
2026.03.30	00:39:45.577		160.410			4
2026.03.30	00:39:45.877		160.409			4
2026.03.30	00:39:46.181	160.251				2
2026.03.30	00:39:49.494	160.253				2
2026.03.30	00:39:51.902		160.407			4
2026.03.30	00:39:58.519		160.409			4
2026.03.30	00:40:00.020	160.253				2
2026.03.30	00:40:05.427	160.301	160.431			6
2026.03.30	00:40:06.265		160.437			4
2026.03.30	00:40:06.566	160.302	160.441			6
2026.03.30	00:40:07.167		160.436			4
2026.03.30	00:40:07.978	160.312				2
2026.03.30	00:40:08.279	160.317	160.431			6
2026.03.30	00:40:09.191		160.434			4
2026.03.30	00:40:09.791	160.319	160.430			6
2026.03.30	00:40:10.093		160.429			4
2026.03.30	00:40:11.603	160.318	160.426			6
2026.03.30	00:40:12.504		160.425			4
2026.03.30	00:40:13.107	160.352	160.435			6
2026.03.30	00:40:14.010		160.436			4
2026.03.30	00:40:14.703		160.435			4
2026.03.30	00:40:15.905	160.353	160.436			6
2026.03.30	00:40:21.482	160.375	160.437			6
2026.03.30	00:40:21.783	160.374	160.435			6
2026.03.30	00:40:23.891		160.434			4
2026.03.30	00:40:27.805		160.433			4
2026.03.30	00:40:28.406	160.372				2
2026.03.30	00:40:34.716	160.367				2
2026.03.30	00:40:35.017		160.432			4
2026.03.30	00:40:35.317	160.366	160.431			6
2026.03.30	00:40:47.935		160.432			4
2026.03.30	00:40:57.934	160.353				2
2026.03.30	00:41:00.232	160.353				2
2026.03.30	00:41:30.333	160.354				2
2026.03.30	00:41:42.861	160.325	160.402			6
2026.03.30	00:41:50.305	160.326				2
2026.03.30	00:41:53.691	160.321	160.371			6
2026.03.30	00:42:00.233	160.322				2
2026.03.30	00:42:05.434	160.318	160.367			6
2026.03.30	00:42:16.268	160.317				2
2026.03.30	00:42:16.869	160.316				2
2026.03.30	00:42:19.871	160.315				2
2026.03.30	00:42:28.310	160.314				2
2026.03.30	00:42:29.516	160.313				2
2026.03.30	00:42:30.118	160.321				2
2026.03.30	00:42:33.124	160.320				2
2026.03.30	00:42:58.096	160.319				2
2026.03.30	00:43:00.205	160.319				2
2026.03.30	00:43:05.618		160.367			4
2026.03.30	00:43:10.423		160.366			4
2026.03.30	00:43:11.925	160.318				2
2026.03.30	00:43:26.062	160.317				2
2026.03.30	00:43:40.205	160.316				2
2026.03.30	00:44:00.059	160.316				2
2026.03.30	00:44:00.360		160.365			4
2026.03.30	00:44:06.687	160.318	160.367			6
2026.03.30	00:44:20.434	160.319				2
2026.03.30	00:44:59.449	160.315	160.359			6
2026.03.30	00:45:00.232	160.315				2
2026.03.30	00:45:02.179	160.312	160.378			6
2026.03.30	00:45:04.600	160.313	160.379			6
2026.03.30	00:45:04.902	160.315	160.359			6
2026.03.30	00:45:10.406		160.358			4
2026.03.30	00:45:16.167	160.256	160.347			6
2026.03.30	00:45:16.470	160.289				2
2026.03.30	00:45:16.771	160.164	160.333			6
2026.03.30	00:45:17.071	160.154	160.323			6
2026.03.30	00:45:17.974	160.152	160.321			6
2026.03.30	00:45:18.274	160.151	160.320			6
2026.03.30	00:45:19.187	160.162	160.331			6
2026.03.30	00:45:19.487	160.170	160.339			6
2026.03.30	00:45:19.787	160.174	160.343			6
2026.03.30	00:45:20.090	160.176	160.345			6
2026.03.30	00:45:20.390	160.156	160.325			6
2026.03.30	00:45:20.691	160.162	160.331			6
2026.03.30	00:45:22.802	160.176	160.345			6
2026.03.30	00:45:23.103	160.165	160.334			6
2026.03.30	00:45:23.403	160.170	160.339			6
2026.03.30	00:45:23.705	160.174	160.343			6
2026.03.30	00:45:24.005	160.176	160.345			6
2026.03.30	00:45:24.305	160.180	160.347			6
2026.03.30	00:45:24.606	160.152	160.321			6
2026.03.30	00:45:25.210	160.160	160.329			6
2026.03.30	00:45:25.510	160.168	160.337			6
2026.03.30	00:45:25.811	160.164	160.333			6
2026.03.30	00:45:26.413	160.175	160.344			6
2026.03.30	00:45:26.717	160.176	160.345			6
2026.03.30	00:45:27.319	160.178	160.347			6
2026.03.30	00:45:28.522	160.182				2
2026.03.30	00:45:30.024	160.176	160.345			6
2026.03.30	00:45:30.324	160.178	160.347			6
2026.03.30	00:45:30.625	160.180				2
2026.03.30	00:45:32.132	160.178				2
2026.03.30	00:45:32.432	160.188				2
2026.03.30	00:45:32.732	160.191				2
2026.03.30	00:45:33.032	160.192				2
2026.03.30	00:45:33.334	160.168	160.337			6
2026.03.30	00:45:33.635	160.182	160.347			6
2026.03.30	00:45:33.936	160.188				2
2026.03.30	00:45:34.237	160.192				2
2026.03.30	00:45:34.536	160.199				2
2026.03.30	00:45:34.838	160.201				2
2026.03.30	00:45:35.138	160.203				2
2026.03.30	00:45:36.642	160.192				2
2026.03.30	00:45:36.941	160.190				2
2026.03.30	00:45:42.070		160.359			4
2026.03.30	00:45:42.371	160.192	160.361			6
2026.03.30	00:45:42.670	160.210	160.379			6
2026.03.30	00:45:42.970	160.212	160.381			6
2026.03.30	00:45:43.270	160.218	160.387			6
2026.03.30	00:45:43.570	160.216	160.385			6
2026.03.30	00:45:43.871	160.222	160.391			6
2026.03.30	00:45:45.388	160.221	160.390			6
2026.03.30	00:45:45.690	160.216	160.385			6
2026.03.30	00:45:46.293	160.195	160.364			6
2026.03.30	00:45:46.594	160.190	160.359			6
2026.03.30	00:45:46.896	160.194	160.363			6
2026.03.30	00:45:47.195	160.198	160.367			6
2026.03.30	00:45:47.496	160.182	160.351			6
2026.03.30	00:45:47.800	160.188	160.357			6
2026.03.30	00:45:48.100	160.192	160.361			6
2026.03.30	00:45:48.401	160.200	160.369			6
2026.03.30	00:45:48.702	160.206	160.375			6
2026.03.30	00:45:49.001	160.186	160.355			6
2026.03.30	00:45:49.303	160.193	160.362			6
2026.03.30	00:45:49.603	160.194	160.363			6
2026.03.30	00:45:49.905	160.198	160.367			6
2026.03.30	00:45:50.206	160.200	160.369			6
2026.03.30	00:45:50.507	160.172	160.341			6
2026.03.30	00:45:50.807	160.184	160.353			6
2026.03.30	00:45:51.111	160.197	160.366			6
2026.03.30	00:45:51.411	160.184	160.353			6
2026.03.30	00:45:51.714	160.172	160.341			6
2026.03.30	00:45:52.015	160.180	160.349			6
2026.03.30	00:45:52.314	160.184	160.353			6
2026.03.30	00:45:52.618	160.186	160.355			6
2026.03.30	00:45:53.818	160.192	160.361			6
2026.03.30	00:45:54.119	160.196	160.365			6
2026.03.30	00:45:54.420	160.198	160.367			6
2026.03.30	00:45:55.923	160.200	160.369			6
2026.03.30	00:45:57.126	160.199	160.368			6
2026.03.30	00:45:58.328	160.198	160.367			6
2026.03.30	00:46:00.129	160.198				2
2026.03.30	00:46:01.330		160.358			4
2026.03.30	00:46:02.834	160.197				2
2026.03.30	00:46:03.134	160.198				2
2026.03.30	00:46:04.938	160.190	160.359			6
2026.03.30	00:46:05.239		160.358			4
2026.03.30	00:46:05.542		160.357			4
2026.03.30	00:46:07.352		160.358			4
2026.03.30	00:46:07.953	160.188	160.357			6
2026.03.30	00:46:10.060	160.198	160.359			6
2026.03.30	00:46:10.360		160.361			4
2026.03.30	00:46:13.370		160.363			4
2026.03.30	00:46:13.670		160.362			4
2026.03.30	00:46:13.970	160.196	160.349			6
2026.03.30	00:46:14.270	160.194	160.351			6
2026.03.30	00:46:16.077		160.352			4
2026.03.30	00:46:16.378		160.353			4
2026.03.30	00:46:22.996	160.190	160.347			6
2026.03.30	00:46:23.296		160.348			4
2026.03.30	00:46:23.596		160.347			4
2026.03.30	00:46:25.705		160.349			4
2026.03.30	00:46:30.819	160.195				2
2026.03.30	00:46:35.329	160.198	160.357			6
2026.03.30	00:46:35.629		160.356			4
2026.03.30	00:46:37.132		160.357			4
2026.03.30	00:46:40.440		160.355			4
2026.03.30	00:46:40.740	160.226	160.371			6
2026.03.30	00:46:41.041	160.220				2
2026.03.30	00:46:41.341		160.372			4
2026.03.30	00:46:41.641		160.371			4
2026.03.30	00:46:42.542		160.372			4
2026.03.30	00:46:43.760	160.193	160.359			6
2026.03.30	00:46:44.060	160.187	160.355			6
2026.03.30	00:46:45.871		160.353			4
2026.03.30	00:46:46.172		160.354			4
2026.03.30	00:46:46.775		160.353			4
2026.03.30	00:46:54.597		160.351			4
2026.03.30	00:47:00.014	160.187				2
2026.03.30	00:47:02.421	160.182				2
2026.03.30	00:47:04.825	160.187				2
2026.03.30	00:47:06.627		160.353			4
2026.03.30	00:47:16.549		160.351			4
2026.03.30	00:47:27.083		160.353			4
2026.03.30	00:47:27.384	160.176	160.345			6
2026.03.30	00:47:27.684	160.178	160.347			6
2026.03.30	00:47:30.390	160.166	160.335			6
2026.03.30	00:47:30.992	160.164	160.333			6
2026.03.30	00:47:32.796	160.152	160.321			6
2026.03.30	00:47:33.097	160.150	160.319			6
2026.03.30	00:47:33.698	160.152	160.321			6
2026.03.30	00:47:34.600	160.150	160.319			6
2026.03.30	00:47:34.905	160.152	160.321			6
2026.03.30	00:47:35.206	160.148	160.317			6
2026.03.30	00:47:36.110	160.150	160.319			6
2026.03.30	00:47:39.123	160.152	160.321			6
2026.03.30	00:47:39.724	160.151	160.320			6
2026.03.30	00:47:40.024	160.150	160.319			6
2026.03.30	00:47:40.925	160.146	160.315			6
2026.03.30	00:47:41.226	160.150	160.319			6
2026.03.30	00:47:42.126	160.154	160.323			6
2026.03.30	00:47:42.727	160.148	160.317			6
2026.03.30	00:47:43.628	160.150	160.319			6
2026.03.30	00:47:43.929	160.152	160.321			6
2026.03.30	00:47:45.134	160.160	160.329			6
2026.03.30	00:47:45.434	160.148	160.317			6
2026.03.30	00:47:48.441	160.153	160.322			6
2026.03.30	00:47:49.044	160.154	160.323			6
2026.03.30	00:47:49.350	160.152	160.321			6
2026.03.30	00:47:49.952	160.153	160.322			6
2026.03.30	00:47:50.554	160.150	160.319			6
2026.03.30	00:47:50.855	160.152	160.321			6
2026.03.30	00:47:52.058	160.150	160.319			6
2026.03.30	00:47:52.359	160.152	160.321			6
2026.03.30	00:47:53.861	160.150	160.319			6
2026.03.30	00:47:55.965	160.152	160.321			6
2026.03.30	00:47:56.266	160.151	160.320			6
2026.03.30	00:47:56.568	160.158	160.327			6
2026.03.30	00:47:56.868	160.160	160.329			6
2026.03.30	00:47:57.168	160.162	160.331			6
2026.03.30	00:47:57.469	160.166	160.335			6
2026.03.30	00:47:58.671	160.164	160.333			6
2026.03.30	00:47:58.973	160.166	160.335			6
2026.03.30	00:47:59.574	160.168	160.337			6
2026.03.30	00:48:00.176	160.168				2
2026.03.30	00:48:07.995	160.169	160.338			6
2026.03.30	00:48:09.202	160.168	160.337			6
2026.03.30	00:48:11.906	160.164	160.333			6
2026.03.30	00:48:12.207	160.168	160.337			6
2026.03.30	00:48:12.510	160.166	160.335			6
2026.03.30	00:48:13.115	160.168	160.337			6
2026.03.30	00:48:13.416	160.166	160.335			6
2026.03.30	00:48:13.717	160.168	160.337			6
2026.03.30	00:48:14.622	160.166	160.335			6
2026.03.30	00:48:15.523	160.167	160.336			6
2026.03.30	00:48:16.424	160.168	160.337			6
2026.03.30	00:48:16.726	160.166	160.335			6
2026.03.30	00:48:21.541	160.167	160.336			6
2026.03.30	00:48:24.854	160.166	160.335			6
2026.03.30	00:48:33.877	160.164	160.333			6
2026.03.30	00:48:34.478	160.154	160.323			6
2026.03.30	00:48:37.189	160.153	160.322			6
2026.03.30	00:48:38.091	160.154	160.323			6
2026.03.30	00:48:55.837	160.152	160.321			6
2026.03.30	00:48:56.437	160.153	160.322			6
2026.03.30	00:48:57.638	160.154	160.323			6
2026.03.30	00:48:58.841	160.153	160.322			6
2026.03.30	00:49:00.041	160.152	160.321			6
2026.03.30	00:49:00.943	160.153	160.322			6
2026.03.30	00:49:01.243	160.154	160.323			6
2026.03.30	00:49:09.972	160.164	160.333			6
2026.03.30	00:49:12.983	160.162	160.331			6
2026.03.30	00:49:13.283	160.161	160.330			6
2026.03.30	00:49:13.586	160.162	160.331			6
2026.03.30	00:49:19.005	160.160	160.329			6
2026.03.30	00:49:19.910	160.162	160.331			6
2026.03.30	00:49:27.427	160.168	160.337			6
2026.03.30	00:49:40.682	160.169	160.338			6
2026.03.30	00:49:40.981	160.170	160.339			6
2026.03.30	00:49:43.989	160.169	160.338			6
2026.03.30	00:49:46.097	160.170	160.339			6
2026.03.30	00:49:47.000	160.172	160.341			6
2026.03.30	00:49:50.307	160.158	160.327			6
2026.03.30	00:49:50.909	160.156	160.325			6
2026.03.30	00:50:00.229	160.156				2
2026.03.30	00:50:01.432	160.158	160.327			6
2026.03.30	00:50:02.334	160.156	160.325			6
2026.03.30	00:50:03.235	160.158	160.327			6
2026.03.30	00:50:07.441	160.162	160.331			6
2026.03.30	00:50:08.046	160.156	160.325			6
2026.03.30	00:50:09.554	160.157	160.326			6
2026.03.30	00:50:10.461	160.154	160.323			6
2026.03.30	00:50:10.761	160.156	160.325			6
2026.03.30	00:50:12.265	160.157	160.326			6
2026.03.30	00:50:14.371	160.158	160.327			6
2026.03.30	00:50:14.971	160.156	160.325			6
2026.03.30	00:50:17.081	160.160	160.329			6
2026.03.30	00:50:18.888	160.162	160.331			6
2026.03.30	00:50:20.698	160.164	160.333			6
2026.03.30	00:50:23.404	160.166	160.335			6
2026.03.30	00:50:23.704	160.158	160.327			6
2026.03.30	00:50:28.821	160.157	160.326			6
2026.03.30	00:50:29.120	160.158	160.327			6
2026.03.30	00:50:48.072	160.150	160.319			6
2026.03.30	00:50:48.373	160.152	160.321			6
2026.03.30	00:50:50.782	160.150	160.319			6
2026.03.30	00:50:59.205	160.152	160.321			6
2026.03.30	00:50:59.506	160.154	160.323			6
2026.03.30	00:51:00.106	160.154				2
2026.03.30	00:51:01.307	160.158	160.327			6
2026.03.30	00:51:01.607	160.155	160.324			6
2026.03.30	00:51:02.508	160.154	160.323			6
2026.03.30	00:51:03.111	160.152	160.321			6
2026.03.30	00:51:11.228	160.150	160.319			6
2026.03.30	00:51:13.333	160.152	160.321			6
2026.03.30	00:51:14.235	160.151	160.320			6
2026.03.30	00:51:18.153	160.152	160.321			6
2026.03.30	00:51:20.562	160.150	160.319			6
2026.03.30	00:51:22.970	160.152	160.321			6
2026.03.30	00:51:24.173	160.156	160.325			6
2026.03.30	00:51:25.677	160.154	160.323			6
2026.03.30	00:51:27.785	160.152	160.321			6
2026.03.30	00:51:33.508	160.154	160.323			6
2026.03.30	00:51:37.117	160.152	160.321			6
2026.03.30	00:51:39.521	160.153	160.322			6
2026.03.30	00:51:40.725	160.154	160.323			6
2026.03.30	00:51:43.736	160.153	160.322			6
2026.03.30	00:51:44.336	160.154	160.323			6
2026.03.30	00:51:44.639	160.152	160.321			6
2026.03.30	00:51:46.749	160.158	160.327			6
2026.03.30	00:51:47.049	160.156	160.325			6
2026.03.30	00:51:48.558	160.160	160.329			6
2026.03.30	00:51:48.859	160.153	160.322			6
2026.03.30	00:51:51.274	160.157	160.326			6
2026.03.30	00:51:51.579	160.156	160.325			6
2026.03.30	00:51:51.879	160.158	160.327			6
2026.03.30	00:51:52.481	160.156	160.325			6
2026.03.30	00:51:57.296	160.154	160.323			6
2026.03.30	00:52:00.004	160.154				2
2026.03.30	00:52:13.535	160.156	160.325			6
2026.03.30	00:52:16.841	160.154	160.323			6
2026.03.30	00:52:18.047	160.156	160.325			6
2026.03.30	00:52:18.651	160.154	160.323			6
2026.03.30	00:52:20.157	160.155	160.324			6
2026.03.30	00:52:20.759	160.154	160.323			6
2026.03.30	00:52:25.875	160.155	160.324			6
2026.03.30	00:52:27.988	160.154	160.323			6
2026.03.30	00:52:31.293	160.155	160.324			6
2026.03.30	00:52:34.010	160.156	160.325			6
2026.03.30	00:52:37.019	160.160	160.329			6
2026.03.30	00:52:37.319	160.156	160.325			6
2026.03.30	00:52:39.424	160.154	160.323			6
2026.03.30	00:52:40.626	160.156	160.325			6
2026.03.30	00:52:45.129	160.154	160.323			6
2026.03.30	00:52:50.842	160.160	160.329			6
2026.03.30	00:52:51.143	160.156	160.325			6
2026.03.30	00:52:55.362	160.154	160.323			6
2026.03.30	00:52:58.071	160.155	160.324			6
2026.03.30	00:53:00.191	160.155				2
2026.03.30	00:53:00.797	160.156	160.325			6
2026.03.30	00:53:12.226	160.154	160.323			6
2026.03.30	00:53:14.032	160.156	160.325			6
2026.03.30	00:53:38.432	160.106	160.170			6
2026.03.30	00:53:38.732	160.097				2
2026.03.30	00:53:39.033	160.091				2
2026.03.30	00:53:40.533	160.090				2
2026.03.30	00:53:40.833	160.093				2
2026.03.30	00:53:41.135	160.095				2
2026.03.30	00:53:41.735	160.093				2
2026.03.30	00:53:42.938	160.095				2
2026.03.30	00:53:44.141	160.094				2
2026.03.30	00:53:45.942	160.144	160.313			6
2026.03.30	00:53:47.149	160.146	160.315			6
2026.03.30	00:53:48.053	160.144	160.313			6
2026.03.30	00:53:50.159	160.146	160.315			6
2026.03.30	00:53:51.068	160.139	160.308			6
2026.03.30	00:53:51.675	160.142	160.311			6
2026.03.30	00:53:58.606	160.144	160.313			6
2026.03.30	00:54:00.116	160.144				2
2026.03.30	00:54:01.618	160.176	160.343			6
2026.03.30	00:54:03.725	160.174	160.342			6
2026.03.30	00:54:04.025		160.341			4
2026.03.30	00:54:04.326		160.337			4
2026.03.30	00:54:04.628		160.341			4
2026.03.30	00:54:05.829		160.339			4
2026.03.30	00:54:07.035		160.341			4
2026.03.30	00:54:08.239	160.175				2
2026.03.30	00:54:13.059		160.343			4
2026.03.30	00:54:13.659	160.176	160.345			6
2026.03.30	00:54:16.370	160.182	160.351			6
2026.03.30	00:54:17.271	160.184	160.352			6
2026.03.30	00:54:17.574	160.186				2
2026.03.30	00:54:27.421	160.188				2
2026.03.30	00:54:30.726	160.190				2
2026.03.30	00:54:35.534	160.191				2
2026.03.30	00:54:36.738	160.190				2
2026.03.30	00:54:38.242	160.188				2
2026.03.30	00:54:40.960	160.186				2
2026.03.30	00:54:50.855	160.156	160.325			6
2026.03.30	00:54:51.156	160.158	160.327			6
2026.03.30	00:54:52.668	160.154	160.323			6
2026.03.30	00:55:00.196	160.154				2
2026.03.30	00:55:00.797	160.156	160.325			6
2026.03.30	00:55:01.097	160.157	160.326			6
2026.03.30	00:55:01.701	160.156	160.325			6
2026.03.30	00:55:04.106	160.158	160.327			6
2026.03.30	00:55:07.418	160.159	160.328			6
2026.03.30	00:55:07.719	160.162	160.331			6
2026.03.30	00:55:14.401	160.148	160.317			6
2026.03.30	00:55:15.262	160.150	160.319			6
2026.03.30	00:55:16.467	160.149	160.318			6
2026.03.30	00:55:18.889	160.148	160.317			6
2026.03.30	00:55:20.994	160.149	160.318			6
2026.03.30	00:55:21.296	160.150	160.319			6
2026.03.30	00:55:21.595	160.154	160.323			6
2026.03.30	00:55:21.897	160.149	160.318			6
2026.03.30	00:55:24.605	160.156	160.325			6
2026.03.30	00:55:24.906	160.150	160.319			6
2026.03.30	00:55:29.412	160.152	160.321			6
2026.03.30	00:55:32.423	160.153	160.322			6
2026.03.30	00:55:34.527	160.156	160.325			6
2026.03.30	00:55:34.827	160.158	160.327			6
2026.03.30	00:55:35.427	160.156	160.325			6
2026.03.30	00:55:35.727	160.154	160.323			6
2026.03.30	00:55:40.533	160.153	160.322			6
2026.03.30	00:55:42.035	160.154	160.323			6
2026.03.30	00:55:46.843	160.156	160.325			6
2026.03.30	00:55:48.647	160.150	160.319			6
2026.03.30	00:55:48.945	160.149	160.318			6
2026.03.30	00:55:50.449	160.150	160.319			6
2026.03.30	00:55:53.166	160.156	160.325			6
2026.03.30	00:55:53.466	160.155	160.324			6
2026.03.30	00:55:54.371	160.161	160.330			6
2026.03.30	00:55:54.672	160.150	160.319			6
2026.03.30	00:55:58.577	160.158	160.327			6
2026.03.30	00:55:58.878	160.152	160.321			6
2026.03.30	00:56:00.083	160.152				2
2026.03.30	00:56:00.685	160.159	160.328			6
2026.03.30	00:56:00.986	160.156	160.325			6
2026.03.30	00:56:02.794	160.159	160.328			6
2026.03.30	00:56:03.094	160.154	160.323			6
2026.03.30	00:56:05.804	160.158	160.327			6
2026.03.30	00:56:07.012	160.156	160.325			6
2026.03.30	00:56:07.613	160.154	160.323			6
2026.03.30	00:56:09.719	160.160	160.329			6
2026.03.30	00:56:12.724	160.150	160.319			6
2026.03.30	00:56:14.526	160.152	160.321			6
2026.03.30	00:56:14.827	160.156	160.325			6
2026.03.30	00:56:16.629	160.154	160.323			6
2026.03.30	00:56:17.229	160.156	160.325			6
2026.03.30	00:56:20.835	160.162	160.331			6
2026.03.30	00:56:21.135	160.160	160.329			6
2026.03.30	00:56:22.940	160.162	160.331			6
2026.03.30	00:56:23.241	160.150	160.319			6
2026.03.30	00:56:25.646	160.152	160.321			6
2026.03.30	00:56:27.752	160.154	160.323			6
2026.03.30	00:56:28.355	160.156	160.325			6
2026.03.30	00:56:35.277	160.154	160.323			6
2026.03.30	00:56:35.576	160.156	160.325			6
2026.03.30	00:56:37.692	160.155	160.324			6
2026.03.30	00:56:39.495	160.156	160.325			6
2026.03.30	00:56:39.795	160.158	160.327			6
2026.03.30	00:56:40.700	160.155	160.324			6
2026.03.30	00:56:41.302	160.156	160.325			6
2026.03.30	00:56:42.805	160.158	160.327			6
2026.03.30	00:56:47.313	160.154	160.323			6
2026.03.30	00:56:48.821	160.155	160.324			6
2026.03.30	00:56:49.726	160.162	160.331			6
2026.03.30	00:56:59.332	160.160	160.329			6
2026.03.30	00:57:00.235	160.160				2
2026.03.30	00:57:01.135	160.156	160.325			6
2026.03.30	00:57:03.240	160.157	160.326			6
2026.03.30	00:57:06.546	160.158	160.327			6
2026.03.30	00:57:06.846	160.164	160.333			6
2026.03.30	00:57:07.146	160.160	160.329			6
2026.03.30	00:57:12.268	160.156	160.325			6
2026.03.30	00:57:13.167	160.160	160.329			6
2026.03.30	00:57:18.291	160.158	160.327			6
2026.03.30	00:57:20.400	160.159	160.328			6
2026.03.30	00:57:21.001	160.158	160.327			6
2026.03.30	00:57:22.813	160.156	160.325			6
2026.03.30	00:57:29.727	160.126	160.295			6
2026.03.30	00:57:30.027	160.152	160.321			6
2026.03.30	00:57:33.331	160.150	160.319			6
2026.03.30	00:57:35.737	160.152	160.321			6
2026.03.30	00:57:38.440	160.150	160.319			6
2026.03.30	00:57:41.145	160.152	160.321			6
2026.03.30	00:57:44.457	160.158	160.327			6
2026.03.30	00:57:47.171	160.160	160.329			6
2026.03.30	00:57:49.881	160.159	160.328			6
2026.03.30	00:57:51.683	160.158	160.327			6
2026.03.30	00:57:53.792	160.159	160.328			6
2026.03.30	00:57:56.501	160.158	160.327			6
2026.03.30	00:57:59.810	160.159	160.328			6
2026.03.30	00:58:00.112	160.159				2
2026.03.30	00:58:00.714	160.160	160.329			6
2026.03.30	00:58:06.128	160.166	160.335			6
2026.03.30	00:58:10.943	160.167	160.336			6
2026.03.30	00:58:11.243	160.168	160.337			6
2026.03.30	00:58:13.366	160.167	160.336			6
2026.03.30	00:58:15.771	160.166	160.335			6
2026.03.30	00:58:18.186	160.168	160.337			6
2026.03.30	00:58:20.891	160.172	160.341			6
2026.03.30	00:58:21.192	160.170	160.339			6
2026.03.30	00:58:22.393	160.167	160.336			6
2026.03.30	00:58:29.320	160.166	160.335			6
2026.03.30	00:58:30.225	160.168	160.337			6
2026.03.30	00:58:30.824	160.170	160.339			6
2026.03.30	00:58:31.126	160.169	160.338			6
2026.03.30	00:58:31.426	160.168	160.337			6
2026.03.30	00:58:38.035	160.172	160.341			6
2026.03.30	00:58:40.743	160.174	160.343			6
2026.03.30	00:58:42.544	160.173	160.342			6
2026.03.30	00:58:50.683	160.174	160.343			6
2026.03.30	00:59:00.017	160.174				2
2026.03.30	00:59:01.517	160.170	160.339			6
2026.03.30	00:59:03.920	160.186	160.354			6
2026.03.30	00:59:07.226	160.184	160.353			6
2026.03.30	00:59:08.429	160.158	160.327			6
2026.03.30	00:59:10.533	160.132	160.301			6
2026.03.30	00:59:11.432	160.184	160.353			6
2026.03.30	00:59:12.935	160.182	160.351			6
2026.03.30	00:59:14.139	160.174	160.343			6
2026.03.30	00:59:14.438	160.176	160.345			6
2026.03.30	00:59:15.038	160.172	160.341			6
2026.03.30	00:59:15.638	160.171	160.340			6
2026.03.30	00:59:15.940	160.174	160.343			6
2026.03.30	00:59:17.140	160.182	160.351			6
2026.03.30	00:59:17.441	160.172	160.341			6
2026.03.30	00:59:18.043	160.173	160.342			6
2026.03.30	00:59:18.643	160.172	160.341			6
2026.03.30	00:59:19.545	160.174	160.343			6
2026.03.30	00:59:23.160	160.172	160.341			6
2026.03.30	00:59:24.062	160.173	160.342			6
2026.03.30	00:59:25.568	160.170	160.339			6
2026.03.30	00:59:27.073	160.172	160.341			6
2026.03.30	00:59:27.974	160.174	160.343			6
2026.03.30	00:59:30.080	160.173	160.342			6
2026.03.30	00:59:30.380	160.176	160.345			6
2026.03.30	00:59:31.591	160.174	160.343			6
2026.03.30	00:59:31.888	160.176	160.345			6
2026.03.30	00:59:32.792	160.178	160.347			6
2026.03.30	00:59:33.095	160.176	160.345			6
2026.03.30	00:59:34.299	160.174	160.343			6
2026.03.30	00:59:34.600	160.176	160.345			6
2026.03.30	00:59:42.125	160.177	160.346			6
2026.03.30	00:59:45.430	160.176	160.345			6
2026.03.30	00:59:45.726	160.178	160.347			6
2026.03.30	00:59:49.631	160.177	160.346			6
2026.03.30	00:59:50.832	160.176	160.345			6
2026.03.30	01:00:00.152	160.206	160.308			6
2026.03.30	01:00:00.450	160.210				2
2026.03.30	01:00:00.750	160.206				2
2026.03.30	01:00:01.051	160.203				2
2026.03.30	01:00:01.351	160.208				2
2026.03.30	01:00:01.952	160.206				2
2026.03.30	01:00:02.252	160.224	160.332			6
2026.03.30	01:00:02.553	160.220	160.328			6
2026.03.30	01:00:02.853	160.238	160.346			6
2026.03.30	01:00:03.154	160.236	160.344			6
2026.03.30	01:00:03.455	160.238	160.346			6
2026.03.30	01:00:03.755	160.228	160.336			6
2026.03.30	01:00:04.355	160.220	160.328			6
2026.03.30	01:00:04.960	160.222	160.300			6
2026.03.30	01:00:06.464	160.226				2
2026.03.30	01:00:07.060	160.225				2
2026.03.30	01:00:07.365	160.220				2
2026.03.30	01:00:07.662	160.224				2
2026.03.30	01:00:08.262	160.226				2
2026.03.30	01:00:08.863	160.230	160.324			6
2026.03.30	01:00:09.166	160.226				2
2026.03.30	01:00:09.464		160.334			4
2026.03.30	01:00:09.766	160.234	160.342			6
2026.03.30	01:00:10.063	160.246	160.324			6
2026.03.30	01:00:10.365	160.267				2
2026.03.30	01:00:10.663	160.271				2
2026.03.30	01:00:10.964		160.366			4
2026.03.30	01:00:11.264		160.368			4
2026.03.30	01:00:11.864		160.326			4
2026.03.30	01:00:13.071	160.277	160.321			6
2026.03.30	01:00:13.365	160.278				2
2026.03.30	01:00:13.666		160.320			4
2026.03.30	01:00:14.866		160.306			4
2026.03.30	01:00:15.166		160.307			4
2026.03.30	01:00:15.466		160.310			4
2026.03.30	01:00:15.766		160.307			4
2026.03.30	01:00:16.066	160.275	160.308			6
2026.03.30	01:00:16.367	160.277	160.306			6
2026.03.30	01:00:16.668		160.305			4
2026.03.30	01:00:17.267		160.306			4
2026.03.30	01:00:18.168		160.307			4
2026.03.30	01:00:18.768	160.286	160.310			6
2026.03.30	01:00:19.068	160.285	160.314			6
2026.03.30	01:00:19.369		160.313			4
2026.03.30	01:00:19.969		160.312			4
2026.03.30	01:00:20.273		160.313			4
2026.03.30	01:00:21.472		160.314			4
2026.03.30	01:00:21.772	160.278	160.313			6
2026.03.30	01:00:22.074	160.296	160.317			6
2026.03.30	01:00:22.676	160.276	160.313			6
2026.03.30	01:00:23.878	160.282	160.322			6
2026.03.30	01:00:24.175	160.274	160.382			6
2026.03.30	01:00:24.477	160.273	160.381			6
2026.03.30	01:00:24.779	160.272	160.322			6
2026.03.30	01:00:25.380	160.260				2
2026.03.30	01:00:25.977	160.259	160.364			6
2026.03.30	01:00:26.277	160.260				2
2026.03.30	01:00:26.583		160.321			4
2026.03.30	01:00:27.484	160.315	160.316			6
2026.03.30	01:00:27.788	160.337	160.346			6
2026.03.30	01:00:28.085	160.343				2
2026.03.30	01:00:28.984	160.333				2
2026.03.30	01:00:29.288	160.324	160.340			6
2026.03.30	01:00:29.586	160.322				2
2026.03.30	01:00:30.185	160.319				2
2026.03.30	01:00:34.091	160.321				2
2026.03.30	01:00:35.292	160.270				2
2026.03.30	01:00:35.892	160.272				2
2026.03.30	01:00:36.792	160.266	160.327			6
2026.03.30	01:00:37.693	160.256				2
2026.03.30	01:00:39.194	160.270				2
2026.03.30	01:00:39.796	160.268				2
2026.03.30	01:00:40.998	160.270				2
2026.03.30	01:00:41.298	160.268				2
2026.03.30	01:00:42.201	160.260	160.320			6
2026.03.30	01:00:42.501	160.262	160.324			6
2026.03.30	01:00:44.000	160.275	160.329			6
2026.03.30	01:00:44.300	160.296				2
2026.03.30	01:00:44.599	160.272				2
2026.03.30	01:00:45.500	160.262	160.328			6
2026.03.30	01:00:46.701	160.272				2
2026.03.30	01:00:47.001	160.274				2
2026.03.30	01:00:49.704	160.266	160.325			6
2026.03.30	01:00:50.004	160.270				2
2026.03.30	01:00:50.605	160.269				2
2026.03.30	01:00:52.107	160.270				2
2026.03.30	01:00:52.707	160.268	160.320			6
2026.03.30	01:00:53.307	160.259				2
2026.03.30	01:00:55.407	160.260				2
2026.03.30	01:01:00.223	160.296	160.297			6
2026.03.30	01:01:00.519	160.289	160.290			6
2026.03.30	01:01:00.816	160.297	160.298			6
2026.03.30	01:01:02.019	160.296	160.297			6
2026.03.30	01:01:03.219	160.300	160.301			6
2026.03.30	01:01:03.522	160.297	160.298			6
2026.03.30	01:01:04.721	160.300	160.301			6
2026.03.30	01:01:05.022	160.297	160.298			6
2026.03.30	01:01:07.123	160.298	160.299			6
2026.03.30	01:01:09.529	160.299	160.300			6
2026.03.30	01:01:09.828	160.298	160.299			6
2026.03.30	01:01:10.129	160.299	160.300			6
2026.03.30	01:01:10.729	160.301	160.302			6
2026.03.30	01:01:11.327	160.303	160.304			6
2026.03.30	01:01:15.235	160.310	160.331			6
2026.03.30	01:01:15.834		160.333			4
2026.03.30	01:01:18.833	160.309	160.324			6
2026.03.30	01:01:20.334	160.312	160.327			6
2026.03.30	01:01:21.836	160.314				2
2026.03.30	01:01:22.136	160.324	160.331			6
2026.03.30	01:01:24.538	160.320				2
2026.03.30	01:01:25.138	160.322				2
2026.03.30	01:01:29.943	160.324				2
2026.03.30	01:01:31.447	160.315				2
2026.03.30	01:01:34.156	160.311				2
2026.03.30	01:01:35.655	160.317	160.338			6
2026.03.30	01:01:38.060		160.342			4
2026.03.30	01:01:44.069	160.316				2
2026.03.30	01:01:47.675	160.322	160.346			6
2026.03.30	01:01:47.978	160.321				2
2026.03.30	01:01:48.577	160.316				2
2026.03.30	01:01:51.279	160.317				2
2026.03.30	01:01:55.786	160.328				2
2026.03.30	01:02:00.299	160.328				2
2026.03.30	01:02:00.895	160.330				2
2026.03.30	01:02:09.603	160.333				2
2026.03.30	01:02:09.904	160.347	160.348			6
2026.03.30	01:02:11.103	160.353	160.354			6
2026.03.30	01:02:12.006	160.347	160.348			6
2026.03.30	01:02:12.304	160.349	160.350			6
2026.03.30	01:02:12.904	160.348	160.349			6
2026.03.30	01:02:13.805	160.331	160.347			6
2026.03.30	01:02:15.006	160.319	160.338			6
2026.03.30	01:02:15.604	160.322				2
2026.03.30	01:02:17.706	160.324				2
2026.03.30	01:02:18.606	160.328				2
2026.03.30	01:02:20.710		160.343			4
2026.03.30	01:02:21.612	160.329				2
2026.03.30	01:02:23.712		160.334			4
2026.03.30	01:02:25.514	160.331				2
2026.03.30	01:02:25.815	160.327				2
2026.03.30	01:02:27.616		160.356			4
2026.03.30	01:02:28.517		160.334			4
2026.03.30	01:02:33.925	160.330	160.331			6
2026.03.30	01:02:39.029	160.329	160.330			6
2026.03.30	01:02:39.327	160.330	160.331			6
2026.03.30	01:02:40.830	160.328	160.329			6
2026.03.30	01:02:41.130	160.325	160.326			6
2026.03.30	01:02:42.333	160.324	160.325			6
2026.03.30	01:02:45.040	160.323	160.324			6
2026.03.30	01:02:45.338	160.324	160.325			6
2026.03.30	01:02:45.641	160.340	160.341			6
2026.03.30	01:02:46.542	160.326	160.327			6
2026.03.30	01:02:49.546	160.325	160.326			6
2026.03.30	01:02:50.143	160.326	160.327			6
2026.03.30	01:02:50.745	160.317	160.337			6
2026.03.30	01:02:51.046	160.314				2
2026.03.30	01:02:52.248	160.325				2
2026.03.30	01:02:53.748		160.353			4
2026.03.30	01:02:54.048	160.318	160.377			6
2026.03.30	01:02:54.650	160.312				2
2026.03.30	01:02:54.951	160.317	160.376			6
2026.03.30	01:02:55.252		160.378			4
2026.03.30	01:02:56.152		160.379			4
2026.03.30	01:03:00.063	160.317				2
2026.03.30	01:03:05.772		160.374			4
2026.03.30	01:03:06.076	160.327	160.373			6
2026.03.30	01:03:06.372	160.332				2
2026.03.30	01:03:10.275	160.331	160.371			6
2026.03.30	01:03:10.575	160.350	160.351			6
2026.03.30	01:03:10.875	160.349	160.350			6
2026.03.30	01:03:11.778	160.348	160.349			6
2026.03.30	01:03:12.680	160.349	160.350			6
2026.03.30	01:03:15.381	160.348	160.349			6
2026.03.30	01:03:15.681	160.349	160.350			6
2026.03.30	01:03:17.784	160.350	160.351			6
2026.03.30	01:03:18.383	160.349	160.350			6
2026.03.30	01:03:19.585	160.350	160.351			6
2026.03.30	01:03:22.890	160.349	160.350			6
2026.03.30	01:03:23.791	160.350	160.351			6
2026.03.30	01:03:24.991	160.349	160.350			6
2026.03.30	01:03:25.292	160.350	160.351			6
2026.03.30	01:03:27.397	160.349	160.350			6
2026.03.30	01:03:27.696	160.350	160.351			6
2026.03.30	01:03:34.006	160.349	160.350			6
2026.03.30	01:03:36.407	160.350	160.351			6
2026.03.30	01:03:37.007	160.349	160.350			6
2026.03.30	01:03:39.411	160.350	160.351			6
2026.03.30	01:03:42.713	160.349	160.350			6
2026.03.30	01:03:43.013	160.350	160.351			6
2026.03.30	01:03:47.820	160.339	160.371			6
2026.03.30	01:03:48.122	160.360	160.361			6
2026.03.30	01:03:49.021	160.361	160.362			6
2026.03.30	01:03:49.922	160.360	160.361			6
2026.03.30	01:03:50.823	160.361	160.362			6
2026.03.30	01:03:51.424	160.360	160.361			6
2026.03.30	01:03:52.024	160.361	160.362			6
2026.03.30	01:03:53.224	160.362	160.363			6
2026.03.30	01:03:53.823	160.360	160.361			6
2026.03.30	01:03:54.124	160.362	160.363			6
2026.03.30	01:03:55.325	160.361	160.362			6
2026.03.30	01:03:57.126	160.362	160.363			6
2026.03.30	01:03:57.425	160.361	160.362			6
2026.03.30	01:04:00.127	160.361				2
2026.03.30	01:04:00.430	160.350	160.425			6
2026.03.30	01:04:00.729	160.354	160.413			6
2026.03.30	01:04:01.028	160.361	160.411			6
2026.03.30	01:04:01.328		160.383			4
2026.03.30	01:04:01.628	160.360				2
2026.03.30	01:04:02.229	160.393	160.394			6
2026.03.30	01:04:02.528	160.392	160.393			6
2026.03.30	01:04:03.730	160.395	160.396			6
2026.03.30	01:04:04.032	160.396	160.397			6
2026.03.30	01:04:05.230	160.397	160.398			6
2026.03.30	01:04:05.532	160.396	160.397			6
2026.03.30	01:04:06.432	160.397	160.398			6
2026.03.30	01:04:07.035	160.396	160.397			6
2026.03.30	01:04:07.334	160.395	160.396			6
2026.03.30	01:04:08.236	160.399	160.400			6
2026.03.30	01:04:08.835	160.397	160.398			6
2026.03.30	01:04:09.739	160.399	160.400			6
2026.03.30	01:04:10.936	160.400	160.401			6
2026.03.30	01:04:12.440	160.402	160.403			6
2026.03.30	01:04:13.638	160.399	160.400			6
2026.03.30	01:04:14.538	160.402	160.403			6
2026.03.30	01:04:15.439	160.400	160.401			6
2026.03.30	01:04:15.739	160.402	160.403			6
2026.03.30	01:04:16.941	160.401	160.402			6
2026.03.30	01:04:17.541	160.402	160.403			6
2026.03.30	01:04:18.441	160.400	160.401			6
2026.03.30	01:04:18.741	160.401	160.402			6
2026.03.30	01:04:20.245	160.402	160.403			6
2026.03.30	01:04:23.248	160.403	160.404			6
2026.03.30	01:04:26.861	160.402	160.403			6
2026.03.30	01:04:27.159	160.407	160.408			6
2026.03.30	01:04:27.759	160.424	160.425			6
2026.03.30	01:04:28.065	160.431	160.432			6
2026.03.30	01:04:28.362	160.425	160.426			6
2026.03.30	01:04:28.661	160.426	160.427			6
2026.03.30	01:04:29.261	160.425	160.426			6
2026.03.30	01:04:30.162	160.426	160.427			6
2026.03.30	01:04:31.362	160.425	160.426			6
2026.03.30	01:04:31.663	160.426	160.427			6
2026.03.30	01:04:32.263	160.425	160.426			6
2026.03.30	01:04:32.562	160.426	160.427			6
2026.03.30	01:04:33.163	160.425	160.426			6
2026.03.30	01:04:33.464	160.424	160.425			6
2026.03.30	01:04:33.764	160.419	160.420			6
2026.03.30	01:04:34.065	160.420	160.421			6
2026.03.30	01:04:34.364	160.421	160.422			6
2026.03.30	01:04:37.668	160.423	160.424			6
2026.03.30	01:04:37.969	160.422	160.423			6
2026.03.30	01:04:38.269	160.423	160.424			6
2026.03.30	01:04:38.870	160.422	160.423			6
2026.03.30	01:04:39.170	160.421	160.422			6
2026.03.30	01:04:39.774	160.422	160.423			6
2026.03.30	01:04:40.373	160.423	160.424			6
2026.03.30	01:04:42.175	160.422	160.423			6
2026.03.30	01:04:45.179	160.419	160.420			6
2026.03.30	01:04:45.478	160.418	160.419			6
2026.03.30	01:04:47.581	160.417	160.418			6
2026.03.30	01:04:48.781	160.418	160.419			6
2026.03.30	01:04:55.390	160.419	160.420			6
2026.03.30	01:04:55.991	160.417	160.418			6
2026.03.30	01:04:56.291	160.419	160.420			6
2026.03.30	01:04:57.492	160.414	160.415			6
2026.03.30	01:04:58.093	160.415	160.416			6
2026.03.30	01:04:58.394	160.414	160.415			6
2026.03.30	01:04:59.896	160.404	160.405			6
2026.03.30	01:05:00.197	160.403	160.404			6
2026.03.30	01:05:00.501	160.414	160.415			6
2026.03.30	01:05:00.797	160.406	160.407			6
2026.03.30	01:05:02.299	160.405	160.406			6
2026.03.30	01:05:02.597	160.403	160.404			6
2026.03.30	01:05:02.902	160.404	160.405			6
2026.03.30	01:05:03.202	160.415	160.416			6
2026.03.30	01:05:03.800	160.419	160.420			6
2026.03.30	01:05:04.100	160.420	160.421			6
2026.03.30	01:05:05.303	160.423	160.424			6
2026.03.30	01:05:08.005	160.424	160.425			6
2026.03.30	01:05:08.305	160.426	160.427			6
2026.03.30	01:05:08.605	160.425	160.426			6
2026.03.30	01:05:09.208	160.426	160.427			6
2026.03.30	01:05:09.506	160.425	160.426			6
2026.03.30	01:05:10.406	160.426	160.427			6
2026.03.30	01:05:10.708	160.427	160.428			6
2026.03.30	01:05:11.009	160.426	160.427			6
2026.03.30	01:05:13.413	160.427	160.428			6
2026.03.30	01:05:14.015	160.426	160.427			6
2026.03.30	01:05:14.316	160.427	160.428			6
2026.03.30	01:05:15.519	160.426	160.427			6
2026.03.30	01:05:19.724	160.425	160.426			6
2026.03.30	01:05:20.025	160.426	160.427			6
2026.03.30	01:05:21.826	160.425	160.426			6
2026.03.30	01:05:22.727	160.426	160.427			6
2026.03.30	01:05:23.927	160.427	160.428			6
2026.03.30	01:05:25.730	160.426	160.427			6
2026.03.30	01:05:26.030	160.432	160.433			6
2026.03.30	01:05:26.330	160.431	160.432			6
2026.03.30	01:05:26.630	160.432	160.433			6
2026.03.30	01:05:28.432	160.433	160.434			6
2026.03.30	01:05:38.643	160.424	160.425			6
2026.03.30	01:05:41.648	160.425	160.426			6
2026.03.30	01:05:43.751	160.426	160.427			6
2026.03.30	01:05:45.560	160.425	160.426			6
2026.03.30	01:05:45.861	160.426	160.427			6
2026.03.30	01:05:46.161	160.425	160.426			6
2026.03.30	01:05:47.062	160.426	160.427			6
2026.03.30	01:05:47.362	160.425	160.426			6
2026.03.30	01:05:48.563	160.426	160.427			6
2026.03.30	01:05:48.863	160.425	160.426			6
2026.03.30	01:05:50.965	160.426	160.427			6
2026.03.30	01:05:51.866	160.425	160.426			6
2026.03.30	01:05:56.071	160.422	160.423			6
2026.03.30	01:05:56.672	160.424	160.425			6
2026.03.30	01:05:57.272	160.423	160.424			6
2026.03.30	01:05:57.574	160.420	160.421			6
2026.03.30	01:05:57.875	160.419	160.420			6
2026.03.30	01:05:58.174	160.420	160.421			6
2026.03.30	01:05:58.776	160.419	160.420			6
2026.03.30	01:05:59.677	160.420	160.421			6
2026.03.30	01:06:00.278	160.420				2
2026.03.30	01:06:00.577	160.419	160.420			6
2026.03.30	01:06:01.178	160.420	160.421			6
2026.03.30	01:06:01.477	160.422	160.423			6
2026.03.30	01:06:02.979	160.420	160.421			6
2026.03.30	01:06:03.278	160.421	160.422			6
2026.03.30	01:06:03.579	160.423	160.424			6
2026.03.30	01:06:04.782	160.422	160.423			6
2026.03.30	01:06:05.083	160.423	160.424			6
2026.03.30	01:06:06.287	160.425	160.426			6
2026.03.30	01:06:13.194	160.423	160.424			6
2026.03.30	01:06:16.799	160.420	160.421			6
2026.03.30	01:06:17.701	160.422	160.423			6
2026.03.30	01:06:18.601	160.421	160.422			6
2026.03.30	01:06:18.903	160.423	160.424			6
2026.03.30	01:06:23.706	160.422	160.423			6
2026.03.30	01:06:24.306	160.423	160.424			6
2026.03.30	01:06:26.109	160.424	160.425			6
2026.03.30	01:06:29.112	160.425	160.426			6
2026.03.30	01:06:30.012	160.424	160.425			6
2026.03.30	01:06:30.612	160.425	160.426			6
2026.03.30	01:06:34.522	160.430	160.431			6
2026.03.30	01:06:39.320	160.433	160.434			6
2026.03.30	01:06:51.334	160.434	160.435			6
2026.03.30	01:06:58.838	160.433	160.434			6
2026.03.30	01:07:00.042	160.433				2
2026.03.30	01:07:02.142	160.434	160.435			6
2026.03.30	01:07:04.546	160.433	160.434			6
2026.03.30	01:07:16.561	160.434	160.435			6
2026.03.30	01:07:22.866	160.433	160.434			6
2026.03.30	01:07:23.767	160.434	160.435			6
2026.03.30	01:07:26.168	160.433	160.434			6
2026.03.30	01:07:26.469	160.434	160.435			6
2026.03.30	01:07:27.370	160.433	160.434			6
2026.03.30	01:07:32.478	160.434	160.435			6
2026.03.30	01:07:33.979	160.433	160.434			6
2026.03.30	01:07:34.282	160.434	160.435			6
2026.03.30	01:07:34.579	160.433	160.434			6
2026.03.30	01:07:42.388	160.434	160.435			6
2026.03.30	01:07:42.690	160.433	160.434			6
2026.03.30	01:07:43.292	160.432	160.433			6
2026.03.30	01:07:43.591	160.433	160.434			6
2026.03.30	01:07:51.102	160.434	160.435			6
2026.03.30	01:07:52.905	160.433	160.434			6
2026.03.30	01:07:55.906	160.435	160.436			6
2026.03.30	01:07:56.205	160.434	160.435			6
2026.03.30	01:07:56.506	160.433	160.434			6
2026.03.30	01:07:57.107	160.430	160.431			6
2026.03.30	01:07:57.407	160.429	160.430			6
2026.03.30	01:07:58.007	160.430	160.431			6
2026.03.30	01:08:00.109	160.429	160.430			6
2026.03.30	01:08:00.409	160.432	160.433			6
2026.03.30	01:08:01.917	160.433	160.434			6
2026.03.30	01:08:10.625	160.434	160.435			6
2026.03.30	01:08:14.530	160.433	160.434			6
2026.03.30	01:08:14.831	160.434	160.435			6
2026.03.30	01:08:15.427	160.433	160.434			6
2026.03.30	01:08:16.931	160.434	160.435			6
2026.03.30	01:08:19.033	160.433	160.434			6
2026.03.30	01:08:22.939	160.434	160.435			6
2026.03.30	01:08:25.045	160.433	160.434			6
2026.03.30	01:08:41.582	160.434	160.435			6
2026.03.30	01:08:43.084	160.433	160.434			6
2026.03.30	01:08:46.093	160.434	160.435			6
2026.03.30	01:08:47.288	160.433	160.434			6
2026.03.30	01:08:59.911	160.434	160.435			6
2026.03.30	01:09:00.208	160.434				2
2026.03.30	01:09:00.507	160.433	160.434			6
2026.03.30	01:09:02.310	160.434	160.435			6
2026.03.30	01:09:05.611	160.432	160.433			6
2026.03.30	01:09:06.210	160.434	160.435			6
2026.03.30	01:09:08.312	160.435	160.436			6
2026.03.30	01:09:08.611	160.436	160.437			6
2026.03.30	01:09:09.216	160.435	160.436			6
2026.03.30	01:09:11.917	160.460	160.461			6
2026.03.30	01:09:12.816	160.451	160.452			6
2026.03.30	01:09:13.418	160.450	160.451			6
2026.03.30	01:09:14.019	160.451	160.452			6
2026.03.30	01:09:14.921	160.450	160.451			6
2026.03.30	01:09:16.423	160.451	160.452			6
2026.03.30	01:09:18.223	160.450	160.451			6
2026.03.30	01:09:19.422	160.451	160.452			6
2026.03.30	01:09:20.024	160.450	160.451			6
2026.03.30	01:09:20.328	160.448	160.449			6
2026.03.30	01:09:25.726	160.449	160.450			6
2026.03.30	01:09:26.930	160.448	160.449			6
2026.03.30	01:09:28.129	160.449	160.450			6
2026.03.30	01:09:29.627	160.448	160.449			6
2026.03.30	01:09:32.932	160.449	160.450			6
2026.03.30	01:09:33.231	160.448	160.449			6
2026.03.30	01:09:34.733	160.449	160.450			6
2026.03.30	01:09:35.338	160.448	160.449			6
2026.03.30	01:09:36.535	160.449	160.450			6
2026.03.30	01:09:36.836	160.448	160.449			6
2026.03.30	01:09:37.437	160.449	160.450			6
2026.03.30	01:09:38.940	160.450	160.451			6
2026.03.30	01:09:44.644	160.451	160.452			6
2026.03.30	01:09:45.249	160.450	160.451			6
2026.03.30	01:09:47.047	160.451	160.452			6
2026.03.30	01:09:48.248	160.450	160.451			6
2026.03.30	01:09:49.447	160.451	160.452			6
2026.03.30	01:09:49.748	160.450	160.451			6
2026.03.30	01:09:56.662	160.451	160.452			6
2026.03.30	01:09:57.562	160.450	160.451			6
2026.03.30	01:10:00.267	160.450				2
2026.03.30	01:10:02.374	160.438	160.439			6
2026.03.30	01:10:05.674	160.435	160.436			6
2026.03.30	01:10:05.975	160.436	160.437			6
2026.03.30	01:10:08.377	160.435	160.436			6
2026.03.30	01:10:10.779	160.430	160.431			6
2026.03.30	01:10:11.986	160.431	160.432			6
2026.03.30	01:10:14.385	160.425	160.426			6
2026.03.30	01:10:14.688	160.424	160.425			6
2026.03.30	01:10:17.392	160.423	160.424			6
2026.03.30	01:10:18.596	160.420	160.421			6
2026.03.30	01:10:18.893	160.423	160.424			6
2026.03.30	01:10:20.095	160.422	160.423			6
2026.03.30	01:10:21.292	160.423	160.424			6
2026.03.30	01:10:21.594	160.432	160.433			6
2026.03.30	01:10:21.894	160.454	160.455			6
2026.03.30	01:10:22.497	160.455	160.456			6
2026.03.30	01:10:22.796	160.448	160.449			6
2026.03.30	01:10:23.096	160.443	160.444			6
2026.03.30	01:10:23.399	160.442	160.443			6
2026.03.30	01:10:24.601	160.448	160.449			6
2026.03.30	01:10:24.896	160.449	160.450			6
2026.03.30	01:10:25.496	160.450	160.451			6
2026.03.30	01:10:27.302	160.449	160.450			6
2026.03.30	01:10:28.208	160.447	160.448			6
2026.03.30	01:10:31.510	160.446	160.447			6
2026.03.30	01:10:31.808	160.447	160.448			6
2026.03.30	01:10:32.707	160.446	160.447			6
2026.03.30	01:10:33.307	160.447	160.448			6
2026.03.30	01:10:41.125	160.448	160.449			6
2026.03.30	01:10:41.424	160.449	160.450			6
2026.03.30	01:10:46.527	160.448	160.449			6
2026.03.30	01:10:48.627	160.449	160.450			6
2026.03.30	01:10:50.127	160.448	160.449			6
2026.03.30	01:10:50.428	160.449	160.450			6
2026.03.30	01:10:54.637	160.448	160.449			6
2026.03.30	01:10:54.935	160.449	160.450			6
2026.03.30	01:10:55.833	160.448	160.449			6
2026.03.30	01:10:56.137	160.437	160.438			6
2026.03.30	01:10:56.434	160.438	160.439			6
2026.03.30	01:10:56.733	160.434	160.436			6
2026.03.30	01:10:58.235	160.436	160.437			6
2026.03.30	01:10:58.535	160.435	160.436			6
2026.03.30	01:11:00.043	160.435				2
2026.03.30	01:11:01.235	160.436	160.437			6
2026.03.30	01:11:01.537	160.435	160.436			6
2026.03.30	01:11:01.839	160.431	160.432			6
2026.03.30	01:11:02.141	160.430	160.431			6
2026.03.30	01:11:02.738	160.433	160.434			6
2026.03.30	01:11:04.541	160.434	160.435			6
2026.03.30	01:11:05.738	160.433	160.434			6
2026.03.30	01:11:06.340	160.423	160.424			6
2026.03.30	01:11:07.239	160.424	160.425			6
2026.03.30	01:11:07.842	160.423	160.424			6
2026.03.30	01:11:08.443	160.424	160.425			6
2026.03.30	01:11:10.844	160.422	160.424			6
2026.03.30	01:11:11.744		160.423			4
2026.03.30	01:11:12.951	160.423	160.424			6
2026.03.30	01:11:16.851	160.431	160.432			6
2026.03.30	01:11:17.155	160.432	160.433			6
2026.03.30	01:11:18.662	160.433	160.434			6
2026.03.30	01:11:18.961	160.432	160.433			6
2026.03.30	01:11:21.969	160.418	160.419			6
2026.03.30	01:11:22.266	160.417	160.418			6
2026.03.30	01:11:22.870	160.414	160.415			6
2026.03.30	01:11:30.672	160.415	160.416			6
2026.03.30	01:11:30.972	160.413	160.414			6
2026.03.30	01:11:33.976	160.414	160.415			6
2026.03.30	01:11:34.881	160.410	160.411			6
2026.03.30	01:11:35.178	160.409	160.410			6
2026.03.30	01:11:36.379	160.410	160.411			6
2026.03.30	01:11:37.583	160.416	160.417			6
2026.03.30	01:11:38.181	160.415	160.416			6
2026.03.30	01:11:38.786	160.416	160.417			6
2026.03.30	01:11:40.888	160.413	160.414			6
2026.03.30	01:11:42.991	160.399	160.400			6
2026.03.30	01:11:43.292	160.393	160.394			6
2026.03.30	01:11:43.894	160.394	160.395			6
2026.03.30	01:11:44.195	160.393	160.394			6
2026.03.30	01:11:45.096	160.394	160.395			6
2026.03.30	01:11:48.704	160.393	160.394			6
2026.03.30	01:11:51.704	160.392	160.393			6
2026.03.30	01:11:52.316	160.394	160.395			6
2026.03.30	01:11:52.907	160.393	160.394			6
2026.03.30	01:12:00.121	160.393				2
2026.03.30	01:12:02.519	160.392	160.393			6
2026.03.30	01:12:02.822	160.385	160.386			6
2026.03.30	01:12:03.718	160.384	160.385			6
2026.03.30	01:12:04.321	160.382	160.383			6
2026.03.30	01:12:07.322	160.384	160.385			6
2026.03.30	01:12:08.232	160.369	160.370			6
2026.03.30	01:12:08.524	160.368	160.369			6
2026.03.30	01:12:08.823	160.367	160.368			6
2026.03.30	01:12:10.624	160.368	160.369			6
2026.03.30	01:12:10.924	160.367	160.368			6
2026.03.30	01:12:11.228	160.368	160.369			6
2026.03.30	01:12:11.525	160.367	160.368			6
2026.03.30	01:12:12.127	160.369	160.370			6
2026.03.30	01:12:12.425	160.370	160.371			6
2026.03.30	01:12:13.327	160.372	160.373			6
2026.03.30	01:12:13.628	160.371	160.372			6
2026.03.30	01:12:13.927	160.372	160.373			6
2026.03.30	01:12:16.633	160.361	160.362			6
2026.03.30	01:12:16.929	160.366	160.367			6
2026.03.30	01:12:17.834	160.369	160.370			6
2026.03.30	01:12:20.539	160.357	160.358			6
2026.03.30	01:12:21.737	160.356	160.357			6
2026.03.30	01:12:22.037	160.354	160.355			6
2026.03.30	01:12:22.639	160.358	160.359			6
2026.03.30	01:12:24.742	160.359	160.360			6
2026.03.30	01:12:26.541	160.358	160.359			6
2026.03.30	01:12:29.847	160.360	160.361			6
2026.03.30	01:12:30.144	160.359	160.360			6
2026.03.30	01:12:30.447	160.357	160.358			6
2026.03.30	01:12:30.749	160.358	160.359			6
2026.03.30	01:12:31.653	160.355	160.356			6
2026.03.30	01:12:31.948	160.357	160.358			6
2026.03.30	01:12:32.250	160.356	160.357			6
2026.03.30	01:12:33.148	160.355	160.356			6
2026.03.30	01:12:34.350	160.358	160.359			6
2026.03.30	01:12:35.550	160.349	160.350			6
2026.03.30	01:12:35.854	160.347	160.348			6
2026.03.30	01:12:36.155	160.346	160.347			6
2026.03.30	01:12:37.052	160.347	160.348			6
2026.03.30	01:12:37.352	160.346	160.347			6
2026.03.30	01:12:37.655	160.347	160.348			6
2026.03.30	01:12:39.153	160.345	160.346			6
2026.03.30	01:12:39.455	160.347	160.348			6
2026.03.30	01:12:46.967	160.351	160.352			6
2026.03.30	01:12:48.163	160.352	160.353			6
2026.03.30	01:12:50.572	160.357	160.358			6
2026.03.30	01:12:50.868	160.358	160.359			6
2026.03.30	01:12:51.168	160.357	160.358			6
2026.03.30	01:12:53.273	160.354	160.355			6
2026.03.30	01:12:55.376	160.357	160.358			6
2026.03.30	01:12:55.678	160.358	160.359			6
2026.03.30	01:12:55.978	160.357	160.358			6
2026.03.30	01:12:58.981	160.355	160.356			6
2026.03.30	01:12:59.883	160.360	160.361			6
2026.03.30	01:13:00.181	160.360				2
2026.03.30	01:13:00.481	160.359	160.360			6
2026.03.30	01:13:03.789	160.360	160.361			6
2026.03.30	01:13:05.597	160.359	160.360			6
2026.03.30	01:13:08.910	160.360	160.361			6
2026.03.30	01:13:09.507	160.359	160.360			6
2026.03.30	01:13:14.615	160.358	160.359			6
2026.03.30	01:13:14.918	160.359	160.360			6
2026.03.30	01:13:16.117	160.358	160.359			6
2026.03.30	01:13:18.228	160.359	160.360			6
2026.03.30	01:13:19.424	160.362	160.363			6
2026.03.30	01:13:20.022	160.361	160.362			6
2026.03.30	01:13:21.827	160.362	160.363			6
2026.03.30	01:13:23.029	160.361	160.362			6
2026.03.30	01:13:25.133	160.358	160.359			6
2026.03.30	01:13:25.426	160.359	160.360			6
2026.03.30	01:13:25.728	160.358	160.359			6
2026.03.30	01:13:26.331	160.361	160.362			6
2026.03.30	01:13:26.629	160.363	160.364			6
2026.03.30	01:13:26.928	160.361	160.362			6
2026.03.30	01:13:27.828	160.360	160.361			6
2026.03.30	01:13:28.434	160.361	160.362			6
2026.03.30	01:13:28.737	160.364	160.365			6
2026.03.30	01:13:29.035	160.366	160.367			6
2026.03.30	01:13:29.938	160.365	160.366			6
2026.03.30	01:13:31.440	160.366	160.367			6
2026.03.30	01:13:33.240	160.368	160.369			6
2026.03.30	01:13:33.843	160.369	160.370			6
2026.03.30	01:13:34.743	160.368	160.369			6
2026.03.30	01:13:35.640	160.370	160.371			6
2026.03.30	01:13:35.940	160.369	160.370			6
2026.03.30	01:13:37.147	160.370	160.371			6
2026.03.30	01:13:37.444	160.368	160.369			6
2026.03.30	01:13:37.746	160.369	160.370			6
2026.03.30	01:13:38.344	160.368	160.369			6
2026.03.30	01:13:38.647	160.369	160.370			6
2026.03.30	01:13:41.653	160.377	160.378			6
2026.03.30	01:13:41.950	160.380	160.381			6
2026.03.30	01:13:42.550	160.379	160.380			6
2026.03.30	01:13:43.150	160.381	160.382			6
2026.03.30	01:13:43.753	160.382	160.383			6
2026.03.30	01:13:44.353	160.383	160.384			6
2026.03.30	01:13:44.654	160.382	160.383			6
2026.03.30	01:13:45.254	160.383	160.384			6
2026.03.30	01:13:45.554	160.382	160.383			6
2026.03.30	01:13:46.458	160.383	160.384			6
2026.03.30	01:13:47.962	160.382	160.383			6
2026.03.30	01:13:48.261	160.381	160.382			6
2026.03.30	01:13:48.858	160.373	160.374			6
2026.03.30	01:13:49.458	160.374	160.375			6
2026.03.30	01:13:50.960	160.375	160.376			6
2026.03.30	01:13:51.263	160.374	160.375			6
2026.03.30	01:13:53.665	160.375	160.376			6
2026.03.30	01:13:53.963	160.374	160.375			6
2026.03.30	01:13:55.164	160.375	160.376			6
2026.03.30	01:13:55.768	160.381	160.382			6
2026.03.30	01:13:59.671	160.382	160.383			6
2026.03.30	01:14:00.272	160.382				2
2026.03.30	01:14:00.575	160.381	160.382			6
2026.03.30	01:14:01.772	160.380	160.381			6
2026.03.30	01:14:02.075	160.381	160.382			6
2026.03.30	01:14:03.578	160.380	160.381			6
2026.03.30	01:14:03.877	160.381	160.382			6
2026.03.30	01:14:05.083	160.373	160.374			6
2026.03.30	01:14:05.379	160.372	160.373			6
2026.03.30	01:14:05.681	160.373	160.374			6
2026.03.30	01:14:06.280	160.374	160.375			6
2026.03.30	01:14:06.582	160.372	160.373			6
2026.03.30	01:14:07.180	160.371	160.372			6
2026.03.30	01:14:07.779	160.372	160.373			6
2026.03.30	01:14:08.085	160.373	160.374			6
2026.03.30	01:14:08.386	160.372	160.373			6
2026.03.30	01:14:08.680	160.373	160.374			6
2026.03.30	01:14:09.583	160.372	160.373			6
2026.03.30	01:14:11.084	160.370	160.371			6
2026.03.30	01:14:11.384	160.369	160.370			6
2026.03.30	01:14:11.985	160.370	160.371			6
2026.03.30	01:14:12.286	160.367	160.368			6
2026.03.30	01:14:12.586	160.369	160.370			6
2026.03.30	01:14:14.394	160.367	160.368			6
2026.03.30	01:14:15.894	160.362	160.363			6
2026.03.30	01:14:16.196	160.361	160.362			6
2026.03.30	01:14:16.500	160.369	160.370			6
2026.03.30	01:14:18.295	160.366	160.367			6
2026.03.30	01:14:20.101	160.367	160.368			6
2026.03.30	01:14:23.708	160.366	160.367			6
2026.03.30	01:14:24.609	160.368	160.369			6
2026.03.30	01:14:25.507	160.370	160.371			6
2026.03.30	01:14:27.313	160.368	160.369			6
2026.03.30	01:14:30.617	160.369	160.370			6
2026.03.30	01:14:33.016	160.363	160.364			6
2026.03.30	01:14:33.315	160.361	160.362			6
2026.03.30	01:14:33.615	160.359	160.360			6
2026.03.30	01:14:33.919	160.358	160.359			6
2026.03.30	01:14:34.219	160.359	160.360			6
2026.03.30	01:14:35.124	160.358	160.359			6
2026.03.30	01:14:36.919	160.357	160.358			6
2026.03.30	01:14:40.224	160.359	160.360			6
2026.03.30	01:14:41.128	160.357	160.358			6
2026.03.30	01:14:44.123	160.358	160.359			6
2026.03.30	01:14:47.127	160.357	160.358			6
2026.03.30	01:14:48.026	160.346	160.347			6
2026.03.30	01:14:48.326	160.345	160.346			6
2026.03.30	01:14:48.626	160.346	160.347			6
2026.03.30	01:14:49.234	160.344	160.345			6
2026.03.30	01:14:49.532	160.343	160.344			6
2026.03.30	01:14:57.335	160.344	160.345			6
2026.03.30	01:14:57.938	160.343	160.344			6
2026.03.30	01:15:00.037	160.344	160.345			6
2026.03.30	01:15:00.340	160.345	160.346			6
2026.03.30	01:15:00.938	160.344	160.345			6
2026.03.30	01:15:01.241	160.345	160.346			6
2026.03.30	01:15:01.539	160.346	160.347			6
2026.03.30	01:15:03.338	160.347	160.348			6
2026.03.30	01:15:03.944	160.346	160.347			6
2026.03.30	01:15:04.842	160.344	160.345			6
2026.03.30	01:15:08.440	160.345	160.346			6
2026.03.30	01:15:09.041	160.347	160.348			6
2026.03.30	01:15:09.343	160.346	160.347			6
2026.03.30	01:15:09.642	160.347	160.348			6
2026.03.30	01:15:09.942	160.346	160.347			6
2026.03.30	01:15:10.242	160.347	160.348			6
2026.03.30	01:15:10.543	160.346	160.347			6
2026.03.30	01:15:11.145	160.347	160.348			6
2026.03.30	01:15:11.443	160.346	160.347			6
2026.03.30	01:15:14.144	160.347	160.348			6
2026.03.30	01:15:15.650	160.349	160.350			6
2026.03.30	01:15:15.950	160.347	160.348			6
2026.03.30	01:15:16.252	160.348	160.349			6
2026.03.30	01:15:16.558	160.347	160.348			6
2026.03.30	01:15:17.152	160.345	160.346			6
2026.03.30	01:15:17.751	160.346	160.347			6
2026.03.30	01:15:18.351	160.345	160.346			6
2026.03.30	01:15:18.652	160.346	160.347			6
2026.03.30	01:15:19.254	160.345	160.346			6
2026.03.30	01:15:21.356	160.341	160.342			6
2026.03.30	01:15:22.255	160.340	160.341			6
2026.03.30	01:15:25.562	160.341	160.342			6
2026.03.30	01:15:29.766	160.342	160.343			6
2026.03.30	01:15:32.176	160.337	160.338			6
2026.03.30	01:15:32.475	160.325	160.326			6
2026.03.30	01:15:32.773	160.324	160.325			6
2026.03.30	01:15:33.074	160.325	160.326			6
2026.03.30	01:15:35.773	160.324	160.325			6
2026.03.30	01:15:36.076	160.325	160.326			6
2026.03.30	01:15:43.591	160.323	160.324			6
2026.03.30	01:15:43.883	160.320	160.321			6
2026.03.30	01:15:44.484	160.319	160.320			6
2026.03.30	01:15:45.687	160.318	160.319			6
2026.03.30	01:15:51.693	160.323	160.324			6
2026.03.30	01:15:51.995	160.326	160.327			6
2026.03.30	01:15:53.795	160.325	160.326			6
2026.03.30	01:15:54.693	160.326	160.327			6
2026.03.30	01:15:55.596	160.328	160.329			6
2026.03.30	01:15:55.894	160.326	160.327			6
2026.03.30	01:15:57.095	160.325	160.326			6
2026.03.30	01:15:57.399	160.326	160.327			6
2026.03.30	01:15:58.602	160.339	160.340			6
2026.03.30	01:15:58.897	160.330	160.331			6
2026.03.30	01:15:59.196	160.329	160.330			6
2026.03.30	01:15:59.496	160.331	160.332			6
2026.03.30	01:16:00.100	160.331				2
2026.03.30	01:16:00.398	160.332	160.333			6
2026.03.30	01:16:01.298	160.331	160.332			6
2026.03.30	01:16:02.499	160.332	160.333			6
2026.03.30	01:16:03.400	160.331	160.332			6
2026.03.30	01:16:04.600	160.330	160.331			6
2026.03.30	01:16:04.901	160.331	160.332			6
2026.03.30	01:16:06.107	160.330	160.331			6
2026.03.30	01:16:08.509	160.331	160.332			6
2026.03.30	01:16:08.807	160.330	160.331			6
2026.03.30	01:16:12.113	160.331	160.332			6
2026.03.30	01:16:12.411	160.339	160.340			6
2026.03.30	01:16:13.319	160.341	160.342			6
2026.03.30	01:16:13.913	160.342	160.343			6
2026.03.30	01:16:15.118	160.347	160.348			6
2026.03.30	01:16:15.414	160.358	160.359			6
2026.03.30	01:16:15.718	160.357	160.358			6
2026.03.30	01:16:16.015	160.358	160.359			6
2026.03.30	01:16:17.516	160.359	160.360			6
2026.03.30	01:16:18.421	160.358	160.359			6
2026.03.30	01:16:19.331	160.356	160.357			6
2026.03.30	01:16:19.618	160.357	160.358			6
2026.03.30	01:16:20.519	160.358	160.359			6
2026.03.30	01:16:21.118	160.357	160.358			6
2026.03.30	01:16:21.719	160.356	160.357			6
2026.03.30	01:16:23.220	160.357	160.358			6
2026.03.30	01:16:24.125	160.358	160.359			6
2026.03.30	01:16:25.624	160.357	160.358			6
2026.03.30	01:16:26.822	160.358	160.359			6
2026.03.30	01:16:28.324	160.359	160.360			6
2026.03.30	01:16:31.030	160.361	160.362			6
2026.03.30	01:16:31.325	160.362	160.363			6
2026.03.30	01:16:31.625	160.361	160.362			6
2026.03.30	01:16:32.528	160.362	160.363			6
2026.03.30	01:16:32.831	160.361	160.362			6
2026.03.30	01:16:33.130	160.368	160.369			6
2026.03.30	01:16:33.430	160.371	160.372			6
2026.03.30	01:16:35.228	160.370	160.371			6
2026.03.30	01:16:35.528	160.371	160.372			6
2026.03.30	01:16:36.127	160.370	160.371			6
2026.03.30	01:16:37.029	160.371	160.372			6
2026.03.30	01:16:37.630	160.370	160.371			6
2026.03.30	01:16:38.228	160.369	160.370			6
2026.03.30	01:16:38.528	160.370	160.371			6
2026.03.30	01:16:42.434	160.371	160.372			6
2026.03.30	01:16:43.636	160.370	160.371			6
2026.03.30	01:16:43.936	160.371	160.372			6
2026.03.30	01:16:49.338	160.377	160.378			6
2026.03.30	01:16:49.638	160.381	160.382			6
2026.03.30	01:16:49.939	160.380	160.381			6
2026.03.30	01:16:50.239	160.381	160.382			6
2026.03.30	01:16:51.739	160.380	160.381			6
2026.03.30	01:16:52.039	160.381	160.382			6
2026.03.30	01:16:53.242	160.383	160.384			6
2026.03.30	01:16:53.543	160.384	160.385			6
2026.03.30	01:16:57.448	160.383	160.384			6
2026.03.30	01:16:57.749	160.384	160.385			6
2026.03.30	01:16:58.050	160.385	160.386			6
2026.03.30	01:16:58.350	160.384	160.385			6
2026.03.30	01:16:59.552	160.385	160.386			6
2026.03.30	01:17:00.155	160.385				2
2026.03.30	01:17:00.454	160.382	160.383			6
2026.03.30	01:17:02.857	160.381	160.382			6
2026.03.30	01:17:05.561	160.382	160.383			6
2026.03.30	01:17:07.063	160.381	160.382			6
2026.03.30	01:17:24.200	160.382	160.383			6
2026.03.30	01:17:31.111	160.383	160.384			6
2026.03.30	01:17:31.409	160.384	160.385			6
2026.03.30	01:17:32.308	160.383	160.384			6
2026.03.30	01:17:34.113	160.384	160.385			6
2026.03.30	01:17:35.014	160.383	160.384			6
2026.03.30	01:17:40.122	160.381	160.382			6
2026.03.30	01:17:40.420	160.383	160.384			6
2026.03.30	01:17:41.321	160.382	160.383			6
2026.03.30	01:17:41.625	160.390	160.391			6
2026.03.30	01:17:41.922	160.384	160.385			6
2026.03.30	01:17:42.221	160.383	160.384			6
2026.03.30	01:17:44.023	160.384	160.385			6
2026.03.30	01:17:44.327	160.383	160.384			6
2026.03.30	01:17:49.430	160.384	160.385			6
2026.03.30	01:17:49.726	160.383	160.384			6
2026.03.30	01:17:51.831	160.385	160.386			6
2026.03.30	01:17:52.434	160.384	160.385			6
2026.03.30	01:17:53.336	160.385	160.386			6
2026.03.30	01:17:54.545	160.384	160.385			6
2026.03.30	01:17:54.841	160.382	160.383			6
2026.03.30	01:17:56.040	160.383	160.384			6
2026.03.30	01:17:57.848	160.381	160.382			6
2026.03.30	01:18:00.251	160.381				2
2026.03.30	01:18:02.349	160.383	160.384			6
2026.03.30	01:18:02.652	160.380	160.381			6
2026.03.30	01:18:03.555	160.381	160.382			6
2026.03.30	01:18:04.158	160.371	160.372			6
2026.03.30	01:18:05.056	160.370	160.371			6
2026.03.30	01:18:05.360	160.371	160.372			6
2026.03.30	01:18:09.872	160.370	160.371			6
2026.03.30	01:18:10.171	160.381	160.382			6
2026.03.30	01:18:10.474	160.382	160.383			6
2026.03.30	01:18:11.973	160.381	160.382			6
2026.03.30	01:18:14.686	160.382	160.383			6
2026.03.30	01:18:15.287	160.381	160.382			6
2026.03.30	01:18:16.492	160.380	160.381			6
2026.03.30	01:18:18.003	160.381	160.382			6
2026.03.30	01:18:21.014	160.382	160.383			6
2026.03.30	01:18:23.416	160.383	160.384			6
2026.03.30	01:18:23.717	160.382	160.383			6
2026.03.30	01:18:24.619	160.388	160.389			6
2026.03.30	01:18:24.922	160.387	160.388			6
2026.03.30	01:18:25.820	160.386	160.387			6
2026.03.30	01:18:29.428	160.387	160.388			6
2026.03.30	01:18:29.729	160.386	160.387			6
2026.03.30	01:18:30.028	160.385	160.386			6
2026.03.30	01:18:30.627	160.384	160.385			6
2026.03.30	01:18:31.826	160.385	160.386			6
2026.03.30	01:18:32.428	160.384	160.385			6
2026.03.30	01:18:32.730	160.385	160.386			6
2026.03.30	01:18:33.033	160.384	160.385			6
2026.03.30	01:18:35.135	160.385	160.386			6
2026.03.30	01:18:35.429	160.384	160.385			6
2026.03.30	01:18:39.636	160.383	160.384			6
2026.03.30	01:18:39.936	160.384	160.385			6
2026.03.30	01:18:42.041	160.382	160.383			6
2026.03.30	01:18:43.244	160.381	160.382			6
2026.03.30	01:18:44.744	160.380	160.381			6
2026.03.30	01:18:48.646	160.382	160.383			6
2026.03.30	01:18:48.949	160.377	160.378			6
2026.03.30	01:18:49.254	160.374	160.375			6
2026.03.30	01:18:52.256	160.371	160.372			6
2026.03.30	01:18:56.764	160.369	160.370			6
2026.03.30	01:18:57.368	160.367	160.368			6
2026.03.30	01:18:57.661	160.368	160.369			6
2026.03.30	01:18:59.168	160.367	160.368			6
2026.03.30	01:18:59.467	160.368	160.369			6
2026.03.30	01:19:00.066	160.368				2
2026.03.30	01:19:00.369	160.369	160.370			6
2026.03.30	01:19:01.266	160.370	160.371			6
2026.03.30	01:19:02.770	160.369	160.370			6
2026.03.30	01:19:03.370	160.370	160.371			6
2026.03.30	01:19:05.172	160.371	160.372			6
2026.03.30	01:19:10.279	160.370	160.371			6
2026.03.30	01:19:14.799	160.368	160.369			6
2026.03.30	01:19:15.096	160.369	160.370			6
2026.03.30	01:19:15.395	160.368	160.369			6
2026.03.30	01:19:16.300	160.369	160.370			6
2026.03.30	01:19:16.900	160.370	160.371			6
2026.03.30	01:19:19.610	160.369	160.370			6
2026.03.30	01:19:19.913	160.370	160.371			6
2026.03.30	01:19:20.211	160.369	160.370			6
2026.03.30	01:19:21.413	160.367	160.368			6
2026.03.30	01:19:23.815	160.369	160.370			6
2026.03.30	01:19:24.116	160.368	160.369			6
2026.03.30	01:19:27.422	160.369	160.370			6
2026.03.30	01:19:28.022	160.368	160.369			6
2026.03.30	01:19:28.321	160.369	160.370			6
2026.03.30	01:19:29.220	160.368	160.369			6
2026.03.30	01:19:30.124	160.367	160.368			6
2026.03.30	01:19:31.023	160.368	160.369			6
2026.03.30	01:19:33.429	160.369	160.370			6
2026.03.30	01:19:33.725	160.368	160.369			6
2026.03.30	01:19:34.028	160.367	160.368			6
2026.03.30	01:19:34.326	160.368	160.369			6
2026.03.30	01:19:35.228	160.369	160.370			6
2026.03.30	01:19:35.528	160.370	160.371			6
2026.03.30	01:19:35.829	160.371	160.372			6
2026.03.30	01:19:36.128	160.372	160.373			6
2026.03.30	01:19:36.426	160.371	160.372			6
2026.03.30	01:19:38.227	160.370	160.371			6
2026.03.30	01:19:38.532	160.371	160.372			6
2026.03.30	01:19:40.335	160.369	160.370			6
2026.03.30	01:19:40.632	160.368	160.369			6
2026.03.30	01:19:40.931	160.370	160.371			6
2026.03.30	01:19:41.837	160.372	160.373			6
2026.03.30	01:19:45.137	160.370	160.371			6
2026.03.30	01:19:47.240	160.371	160.372			6
2026.03.30	01:19:47.842	160.372	160.373			6
2026.03.30	01:19:48.447	160.371	160.372			6
2026.03.30	01:19:48.743	160.370	160.371			6
2026.03.30	01:19:49.344	160.369	160.370			6
2026.03.30	01:19:50.548	160.368	160.369			6
2026.03.30	01:19:52.650	160.369	160.370			6
2026.03.30	01:19:53.249	160.368	160.369			6
2026.03.30	01:19:56.858	160.369	160.370			6
2026.03.30	01:19:57.156	160.368	160.369			6
2026.03.30	01:19:58.959	160.367	160.368			6
2026.03.30	01:19:59.260	160.368	160.369			6
2026.03.30	01:20:00.161	160.368				2
2026.03.30	01:20:00.464	160.367	160.368			6
2026.03.30	01:20:03.168	160.368	160.369			6
2026.03.30	01:20:08.274	160.367	160.368			6
2026.03.30	01:20:10.379	160.366	160.367			6
2026.03.30	01:20:10.682	160.342	160.343			6
2026.03.30	01:20:10.983	160.343	160.344			6
2026.03.30	01:20:11.282	160.342	160.343			6
2026.03.30	01:20:12.184	160.343	160.344			6
2026.03.30	01:20:13.387	160.344	160.345			6
2026.03.30	01:20:13.992	160.342	160.343			6
2026.03.30	01:20:18.204	160.343	160.344			6
2026.03.30	01:20:18.806	160.342	160.343			6
2026.03.30	01:20:20.609	160.343	160.344			6
2026.03.30	01:20:20.907	160.342	160.343			6
2026.03.30	01:20:21.809	160.343	160.344			6
2026.03.30	01:20:23.011	160.342	160.343			6
2026.03.30	01:20:23.317	160.343	160.344			6
2026.03.30	01:20:23.912	160.344	160.345			6
2026.03.30	01:20:24.216	160.343	160.344			6
2026.03.30	01:20:25.113	160.342	160.343			6
2026.03.30	01:20:25.717	160.344	160.345			6
2026.03.30	01:20:28.422	160.335	160.336			6
2026.03.30	01:20:29.318	160.334	160.335			6
2026.03.30	01:20:29.623	160.333	160.334			6
2026.03.30	01:20:32.025	160.334	160.335			6
2026.03.30	01:20:32.626	160.333	160.334			6
2026.03.30	01:20:35.330	160.334	160.335			6
2026.03.30	01:20:35.926	160.333	160.334			6
2026.03.30	01:20:37.431	160.332	160.333			6
2026.03.30	01:20:37.731	160.333	160.334			6
2026.03.30	01:20:38.330	160.331	160.332			6
2026.03.30	01:20:41.631	160.332	160.333			6
2026.03.30	01:20:41.934	160.331	160.332			6
2026.03.30	01:20:50.643	160.333	160.334			6
2026.03.30	01:20:51.541	160.334	160.335			6
2026.03.30	01:20:52.442	160.333	160.334			6
2026.03.30	01:20:52.743	160.334	160.335			6
2026.03.30	01:20:53.347	160.333	160.334			6
2026.03.30	01:20:53.944	160.334	160.335			6
2026.03.30	01:20:54.844	160.333	160.334			6
2026.03.30	01:21:00.259	160.333				2
2026.03.30	01:21:00.561	160.334	160.335			6
2026.03.30	01:21:03.559	160.333	160.334			6
2026.03.30	01:21:03.860	160.331	160.332			6
2026.03.30	01:21:04.760	160.332	160.333			6
2026.03.30	01:21:06.863	160.320	160.321			6
2026.03.30	01:21:10.477	160.319	160.320			6
2026.03.30	01:21:12.875	160.320	160.321			6
2026.03.30	01:21:15.283	160.319	160.320			6
2026.03.30	01:21:19.198	160.320	160.321			6
2026.03.30	01:21:24.011	160.329	160.330			6
2026.03.30	01:21:27.016	160.328	160.329			6
2026.03.30	01:21:27.618	160.321	160.322			6
2026.03.30	01:21:29.718	160.319	160.320			6
2026.03.30	01:21:30.021	160.320	160.321			6
2026.03.30	01:21:30.320	160.321	160.322			6
2026.03.30	01:21:33.025	160.323	160.324			6
2026.03.30	01:21:33.326	160.324	160.325			6
2026.03.30	01:21:37.229	160.333	160.334			6
2026.03.30	01:21:37.526	160.334	160.335			6
2026.03.30	01:21:43.232	160.333	160.334			6
2026.03.30	01:21:45.635	160.334	160.335			6
2026.03.30	01:21:48.933	160.309	160.310			6
2026.03.30	01:21:49.235		160.311			4
2026.03.30	01:21:50.734	160.313	160.314			6
2026.03.30	01:21:52.836	160.320	160.322			6
2026.03.30	01:21:53.435	160.321	160.323			6
2026.03.30	01:21:55.536	160.322				2
2026.03.30	01:22:00.046	160.322				2
2026.03.30	01:22:02.146	160.321				2
2026.03.30	01:22:06.357		160.322			4
2026.03.30	01:22:22.281	160.326	160.327			6
2026.03.30	01:22:23.177	160.327	160.330			6
2026.03.30	01:22:24.082	160.329				2
2026.03.30	01:22:24.383	160.336	160.337			6
2026.03.30	01:22:25.285	160.339	160.340			6
2026.03.30	01:22:25.584	160.340	160.341			6
2026.03.30	01:22:26.491	160.348	160.349			6
2026.03.30	01:22:27.987	160.349	160.350			6
2026.03.30	01:22:28.887	160.347	160.348			6
2026.03.30	01:22:31.298	160.349	160.350			6
2026.03.30	01:22:31.600	160.348				2
2026.03.30	01:22:33.701		160.349			4
2026.03.30	01:22:34.601		160.350			4
2026.03.30	01:22:35.203		160.349			4
2026.03.30	01:22:38.502	160.347	160.348			6
2026.03.30	01:22:46.913	160.346	160.347			6
2026.03.30	01:22:47.514	160.343	160.345			6
2026.03.30	01:22:47.816	160.341	160.342			6
2026.03.30	01:22:48.419	160.339				2
2026.03.30	01:22:49.321		160.341			4
2026.03.30	01:22:52.622	160.338	160.340			6
2026.03.30	01:22:53.524	160.339	160.341			6
2026.03.30	01:22:55.326	160.340	160.342			6
2026.03.30	01:22:57.427	160.334	160.336			6
2026.03.30	01:22:58.027	160.333	160.335			6
2026.03.30	01:22:59.832	160.334	160.336			6
2026.03.30	01:23:00.127	160.334				2
2026.03.30	01:23:00.430	160.330	160.332			6
2026.03.30	01:23:00.732	160.329	160.331			6
2026.03.30	01:23:01.628	160.332	160.334			6
2026.03.30	01:23:02.232	160.331	160.333			6
2026.03.30	01:23:03.131	160.332	160.334			6
2026.03.30	01:23:05.233	160.333				2
2026.03.30	01:23:10.634	160.332	160.333			6
2026.03.30	01:23:13.940	160.325	160.326			6
2026.03.30	01:23:14.242	160.324	160.325			6
2026.03.30	01:23:17.546	160.325	160.326			6
2026.03.30	01:23:19.951	160.326	160.327			6
2026.03.30	01:23:20.254	160.329	160.330			6
2026.03.30	01:23:21.450	160.328	160.329			6
2026.03.30	01:23:22.650	160.329	160.330			6
2026.03.30	01:23:23.852	160.332	160.333			6
2026.03.30	01:23:27.462	160.333	160.334			6
2026.03.30	01:23:27.762	160.338	160.339			6
2026.03.30	01:23:28.057	160.337	160.338			6
2026.03.30	01:23:28.358	160.336	160.337			6
2026.03.30	01:23:30.158	160.337	160.338			6
2026.03.30	01:23:31.360	160.336	160.337			6
2026.03.30	01:23:32.259	160.334	160.335			6
2026.03.30	01:23:35.570	160.336	160.337			6
2026.03.30	01:23:35.872	160.337	160.338			6
2026.03.30	01:23:39.778	160.338	160.339			6
2026.03.30	01:23:47.294	160.337	160.338			6
2026.03.30	01:23:47.594	160.338	160.339			6
2026.03.30	01:23:47.894	160.346	160.347			6
2026.03.30	01:23:48.195	160.347	160.348			6
2026.03.30	01:23:49.399	160.369	160.370			6
2026.03.30	01:23:49.700	160.370	160.371			6
2026.03.30	01:23:50.000	160.371	160.372			6
2026.03.30	01:23:50.306	160.363	160.364			6
2026.03.30	01:23:51.201	160.362				2
2026.03.30	01:23:53.607	160.358	160.361			6
2026.03.30	01:23:53.910	160.359	160.362			6
2026.03.30	01:23:54.210	160.360	160.363			6
2026.03.30	01:23:58.116	160.361				2
2026.03.30	01:23:58.415	160.359	160.361			6
2026.03.30	01:23:58.717	160.358	160.360			6
2026.03.30	01:23:59.615	160.359	160.361			6
2026.03.30	01:24:00.215	160.359				2
2026.03.30	01:24:00.522	160.356	160.358			6
2026.03.30	01:24:00.821	160.358	160.360			6
2026.03.30	01:24:04.724	160.357	160.359			6
2026.03.30	01:24:05.919	160.356	160.358			6
2026.03.30	01:24:08.320	160.357				2
2026.03.30	01:24:14.027	160.359	160.360			6
2026.03.30	01:24:14.325	160.358	160.359			6
2026.03.30	01:24:17.031	160.359	160.360			6
2026.03.30	01:24:23.032	160.360	160.361			6
2026.03.30	01:24:26.635	160.361	160.362			6
2026.03.30	01:24:26.936	160.360	160.361			6
2026.03.30	01:24:29.041	160.362	160.363			6
2026.03.30	01:24:29.340	160.361	160.362			6
2026.03.30	01:24:29.941	160.360	160.361			6
2026.03.30	01:24:30.541	160.361	160.362			6
2026.03.30	01:24:31.140	160.360	160.361			6
2026.03.30	01:24:32.043	160.359	160.360			6
2026.03.30	01:24:33.247	160.357	160.358			6
2026.03.30	01:24:34.444	160.358	160.359			6
2026.03.30	01:24:35.644	160.359	160.360			6
2026.03.30	01:24:35.943	160.358	160.359			6
2026.03.30	01:24:41.351	160.361	160.362			6
2026.03.30	01:24:44.054	160.359	160.360			6
2026.03.30	01:24:49.163	160.360	160.361			6
2026.03.30	01:24:51.273	160.361	160.362			6
2026.03.30	01:24:53.671	160.362	160.363			6
2026.03.30	01:24:54.873	160.361	160.362			6
2026.03.30	01:24:55.173	160.360	160.361			6
2026.03.30	01:24:55.774	160.332	160.333			6
2026.03.30	01:24:56.074	160.331	160.332			6
2026.03.30	01:24:57.273		160.335			4
2026.03.30	01:24:58.175		160.333			4
2026.03.30	01:24:58.474		160.334			4
2026.03.30	01:24:59.378	160.332	160.336			6
2026.03.30	01:24:59.677	160.331	160.335			6
2026.03.30	01:25:00.278	160.332				2
2026.03.30	01:25:00.582	160.331	160.334			6
2026.03.30	01:25:01.781		160.336			4
2026.03.30	01:25:02.384		160.335			4
2026.03.30	01:25:02.685		160.334			4
2026.03.30	01:25:03.288	160.345	160.351			6
2026.03.30	01:25:03.582	160.348				2
2026.03.30	01:25:03.887		160.350			4
2026.03.30	01:25:04.183		160.352			4
2026.03.30	01:25:05.083	160.350	160.355			6
2026.03.30	01:25:05.684	160.349	160.354			6
2026.03.30	01:25:05.986		160.353			4
2026.03.30	01:25:06.292		160.352			4
2026.03.30	01:25:06.589	160.351	160.355			6
2026.03.30	01:25:06.889	160.352				2
2026.03.30	01:25:09.594	160.358	160.361			6
2026.03.30	01:25:09.894	160.357				2
2026.03.30	01:25:10.194		160.362			4
2026.03.30	01:25:10.500	160.358	160.363			6
2026.03.30	01:25:10.794		160.362			4
2026.03.30	01:25:11.400		160.363			4
2026.03.30	01:25:12.000	160.360	160.364			6
2026.03.30	01:25:12.299	160.361				2
2026.03.30	01:25:12.595	160.360				2
2026.03.30	01:25:12.899	160.359				2
2026.03.30	01:25:18.307	160.368	160.369			6
2026.03.30	01:25:18.611		160.373			4
2026.03.30	01:25:18.911	160.369				2
2026.03.30	01:25:19.207		160.374			4
2026.03.30	01:25:23.112	160.371	160.375			6
2026.03.30	01:25:23.413	160.370				2
2026.03.30	01:25:23.712		160.373			4
2026.03.30	01:25:40.835		160.372			4
2026.03.30	01:25:41.132		160.371			4
2026.03.30	01:25:43.535	160.369				2
2026.03.30	01:25:43.838	160.367	160.370			6
2026.03.30	01:25:44.140	160.368	160.372			6
2026.03.30	01:25:45.033	160.369	160.373			6
2026.03.30	01:25:49.240	160.370				2
2026.03.30	01:25:49.541	160.369	160.372			6
2026.03.30	01:25:52.244	160.370				2
2026.03.30	01:25:52.545	160.371	160.374			6
2026.03.30	01:25:55.553	160.370	160.373			6
2026.03.30	01:25:55.857	160.371	160.374			6
2026.03.30	01:25:57.356		160.373			4
2026.03.30	01:25:59.161	160.380	160.381			6
2026.03.30	01:25:59.460	160.382	160.384			6
2026.03.30	01:26:00.067	160.381	160.383			6
2026.03.30	01:26:00.364		160.384			4
2026.03.30	01:26:02.162	160.383	160.386			6
2026.03.30	01:26:02.467	160.382	160.385			6
2026.03.30	01:26:03.076	160.374	160.377			6
2026.03.30	01:26:03.365	160.369	160.371			6
2026.03.30	01:26:03.664	160.370				2
2026.03.30	01:26:03.966		160.372			4
2026.03.30	01:26:04.271		160.374			4
2026.03.30	01:26:05.173	160.371				2
2026.03.30	01:26:05.776	160.370				2
2026.03.30	01:26:06.676		160.373			4
2026.03.30	01:26:08.472		160.374			4
2026.03.30	01:26:11.184	160.371				2
2026.03.30	01:26:14.791	160.373				2
2026.03.30	01:26:15.090	160.374	160.375			6
2026.03.30	01:26:15.388	160.372				2
2026.03.30	01:26:15.988	160.374				2
2026.03.30	01:26:16.891		160.376			4
2026.03.30	01:26:17.499	160.385	160.386			6
2026.03.30	01:26:17.790	160.386	160.388			6
2026.03.30	01:26:18.095	160.387	160.390			6
2026.03.30	01:26:19.593	160.386				2
2026.03.30	01:26:21.099	160.383	160.387			6
2026.03.30	01:26:22.300	160.370	160.372			6
2026.03.30	01:26:22.600		160.373			4
2026.03.30	01:26:24.707	160.371	160.375			6
2026.03.30	01:26:26.815		160.374			4
2026.03.30	01:26:27.110	160.370				2
2026.03.30	01:26:30.112		160.373			4
2026.03.30	01:26:30.417		160.374			4
2026.03.30	01:26:31.618	160.372	160.376			6
2026.03.30	01:26:34.018	160.373				2
2026.03.30	01:26:34.621	160.372				2
2026.03.30	01:26:38.223		160.375			4
2026.03.30	01:26:38.520	160.373				2
2026.03.30	01:26:42.425	160.371				2
2026.03.30	01:26:43.027	160.373				2
2026.03.30	01:26:44.227	160.371				2
2026.03.30	01:26:45.129	160.372				2
2026.03.30	01:26:46.029	160.369	160.372			6
2026.03.30	01:26:46.927	160.370				2
2026.03.30	01:26:47.827	160.371	160.374			6
2026.03.30	01:26:48.129	160.372				2
2026.03.30	01:26:53.535	160.373				2
2026.03.30	01:26:54.738	160.372				2
2026.03.30	01:26:55.038	160.373				2
2026.03.30	01:26:56.241	160.374	160.375			6
2026.03.30	01:26:56.543	160.373				2
2026.03.30	01:26:56.844	160.371	160.373			6
2026.03.30	01:26:57.741	160.372	160.374			6
2026.03.30	01:26:58.343		160.373			4
2026.03.30	01:26:59.245	160.371	160.372			6
2026.03.30	01:26:59.842	160.372	160.373			6
2026.03.30	01:27:00.145	160.372				2
2026.03.30	01:27:01.650	160.384	160.385			6
2026.03.30	01:27:02.252	160.383	160.386			6
2026.03.30	01:27:04.360	160.384				2
2026.03.30	01:27:05.868	160.385	160.388			6
2026.03.30	01:27:06.165	160.384	160.386			6
2026.03.30	01:27:06.470	160.382	160.383			6
2026.03.30	01:27:06.771	160.373	160.375			6
2026.03.30	01:27:07.970	160.372				2
2026.03.30	01:27:09.472	160.374	160.378			6
2026.03.30	01:27:09.777	160.375				2
2026.03.30	01:27:14.582	160.378	160.379			6
2026.03.30	01:27:21.206	160.374	160.375			6
2026.03.30	01:27:21.806	160.373	160.374			6
2026.03.30	01:27:23.609	160.372	160.373			6
2026.03.30	01:27:30.220	160.371	160.372			6
2026.03.30	01:27:31.121	160.372	160.373			6
2026.03.30	01:27:32.324	160.371	160.372			6
2026.03.30	01:27:33.827	160.372	160.373			6
2026.03.30	01:27:38.927	160.373	160.374			6
2026.03.30	01:28:00.263	160.373				2
2026.03.30	01:28:01.469	160.371	160.372			6
2026.03.30	01:28:28.235	160.373	160.374			6
2026.03.30	01:28:31.540	160.375	160.376			6
2026.03.30	01:28:31.837	160.374	160.375			6
2026.03.30	01:28:38.148	160.388	160.389			6
2026.03.30	01:28:41.148	160.389	160.390			6
2026.03.30	01:28:41.447	160.388	160.389			6
2026.03.30	01:29:00.071	160.388				2
2026.03.30	01:29:01.574	160.397	160.398			6
2026.03.30	01:29:02.174	160.398	160.399			6
2026.03.30	01:29:03.074	160.397	160.398			6
2026.03.30	01:29:03.378	160.392	160.393			6
2026.03.30	01:29:03.677	160.393	160.394			6
2026.03.30	01:29:03.979	160.392	160.393			6
2026.03.30	01:29:08.786	160.395	160.396			6
2026.03.30	01:29:09.392	160.398	160.399			6
2026.03.30	01:29:09.990	160.399	160.400			6
2026.03.30	01:29:10.888	160.400	160.401			6
2026.03.30	01:29:11.488	160.399	160.400			6
2026.03.30	01:29:15.997	160.400	160.401			6
2026.03.30	01:29:17.800	160.399	160.400			6
2026.03.30	01:29:20.211	160.398	160.399			6
2026.03.30	01:29:20.507	160.399	160.400			6
2026.03.30	01:29:21.108	160.398	160.399			6
2026.03.30	01:29:21.415	160.396	160.397			6
2026.03.30	01:29:22.016	160.399	160.400			6
2026.03.30	01:29:22.613	160.400	160.401			6
2026.03.30	01:29:23.513	160.399	160.400			6
2026.03.30	01:29:24.115	160.400	160.401			6
2026.03.30	01:29:25.014	160.399	160.400			6
2026.03.30	01:29:27.718	160.400	160.401			6
2026.03.30	01:29:28.319	160.399	160.400			6
2026.03.30	01:29:29.220	160.400	160.401			6
2026.03.30	01:29:29.526	160.399	160.400			6
2026.03.30	01:29:29.823	160.400	160.401			6
2026.03.30	01:29:37.026	160.399	160.400			6
2026.03.30	01:29:40.328	160.400	160.401			6
2026.03.30	01:29:41.532	160.399	160.400			6
2026.03.30	01:29:43.030	160.401	160.402			6
2026.03.30	01:29:43.933	160.400	160.401			6
2026.03.30	01:29:45.137	160.399	160.400			6
2026.03.30	01:29:54.750	160.400	160.401			6
2026.03.30	01:29:55.049	160.399	160.400			6
2026.03.30	01:29:55.648	160.400	160.401			6
2026.03.30	01:29:56.550	160.399	160.400			6
2026.03.30	01:29:58.955	160.403	160.404			6
2026.03.30	01:29:59.254	160.400	160.401			6
2026.03.30	01:30:00.166	160.401	160.402			6
2026.03.30	01:30:00.463	160.409	160.410			6
2026.03.30	01:30:00.756	160.408	160.409			6
2026.03.30	01:30:01.058	160.409	160.410			6
2026.03.30	01:30:02.258	160.408	160.409			6
2026.03.30	01:30:03.160	160.410	160.411			6
2026.03.30	01:30:04.964	160.409	160.410			6
2026.03.30	01:30:07.070	160.407	160.408			6
2026.03.30	01:30:08.872	160.408	160.409			6
2026.03.30	01:30:09.475	160.407	160.408			6
2026.03.30	01:30:09.777	160.403	160.404			6
2026.03.30	01:30:10.072	160.399	160.400			6
2026.03.30	01:30:10.375	160.401	160.402			6
2026.03.30	01:30:10.675	160.399	160.400			6
2026.03.30	01:30:10.979	160.403	160.404			6
2026.03.30	01:30:11.876	160.408	160.409			6
2026.03.30	01:30:12.477	160.409	160.410			6
2026.03.30	01:30:15.180	160.410	160.411			6
2026.03.30	01:30:17.579	160.411	160.412			6
2026.03.30	01:30:19.381	160.412	160.413			6
2026.03.30	01:30:20.880	160.415	160.416			6
2026.03.30	01:30:22.081	160.414	160.415			6
2026.03.30	01:30:22.983	160.415	160.416			6
2026.03.30	01:30:24.486	160.421	160.422			6
2026.03.30	01:30:25.685	160.435	160.436			6
2026.03.30	01:30:28.091	160.436	160.437			6
2026.03.30	01:30:31.701	160.448	160.449			6
2026.03.30	01:30:32.001	160.450	160.451			6
2026.03.30	01:30:32.302	160.449	160.450			6
2026.03.30	01:30:33.203	160.448	160.449			6
2026.03.30	01:30:33.504	160.449	160.450			6
2026.03.30	01:30:33.805	160.448	160.449			6
2026.03.30	01:30:34.105	160.438	160.439			6
2026.03.30	01:30:34.404	160.437	160.438			6
2026.03.30	01:30:35.305	160.436	160.439			6
2026.03.30	01:30:35.605	160.442	160.444			6
2026.03.30	01:30:35.910	160.441				2
2026.03.30	01:30:36.510	160.448	160.451			6
2026.03.30	01:30:38.610	160.435	160.439			6
2026.03.30	01:30:38.914		160.438			4
2026.03.30	01:30:39.813		160.439			4
2026.03.30	01:30:40.114		160.440			4
2026.03.30	01:30:40.413	160.437	160.441			6
2026.03.30	01:30:40.716	160.447	160.451			6
2026.03.30	01:30:41.017		160.450			4
2026.03.30	01:30:41.315	160.446	160.451			6
2026.03.30	01:30:41.615	160.443	160.448			6
2026.03.30	01:30:42.215		160.449			4
2026.03.30	01:30:44.319	160.442				2
2026.03.30	01:30:44.919	160.441	160.448			6
2026.03.30	01:30:45.519		160.447			4
2026.03.30	01:30:45.819		160.448			4
2026.03.30	01:30:47.327		160.447			4
2026.03.30	01:30:47.928	160.432	160.438			6
2026.03.30	01:30:48.229		160.436			4
2026.03.30	01:30:49.125		160.437			4
2026.03.30	01:30:49.426		160.438			4
2026.03.30	01:30:49.730		160.437			4
2026.03.30	01:30:53.929	160.433				2
2026.03.30	01:30:54.228	160.432				2
2026.03.30	01:30:55.130	160.433				2
2026.03.30	01:30:55.430	160.432				2
2026.03.30	01:30:56.334	160.434	160.439			6
2026.03.30	01:30:57.232	160.435	160.440			6
2026.03.30	01:30:57.531		160.439			4
2026.03.30	01:30:58.431		160.440			4
2026.03.30	01:30:59.032	160.436				2
2026.03.30	01:30:59.332	160.435	160.439			6
2026.03.30	01:30:59.633	160.436	160.440			6
2026.03.30	01:31:00.236	160.435				2
2026.03.30	01:31:00.539	160.436				2
2026.03.30	01:31:00.838	160.435				2
2026.03.30	01:31:01.434	160.436				2
2026.03.30	01:31:02.039	160.437				2
2026.03.30	01:31:02.339		160.441			4
2026.03.30	01:31:04.740	160.436				2
2026.03.30	01:31:05.639	160.437				2
2026.03.30	01:31:05.939	160.436				2
2026.03.30	01:31:06.244	160.437	160.440			6
2026.03.30	01:31:06.546	160.435				2
2026.03.30	01:31:07.444	160.436				2
2026.03.30	01:31:08.944	160.435				2
2026.03.30	01:31:09.852	160.437				2
2026.03.30	01:31:10.151	160.436				2
2026.03.30	01:31:10.756	160.437				2
2026.03.30	01:31:11.962	160.436				2
2026.03.30	01:31:12.260	160.437	160.439			6
2026.03.30	01:31:14.663	160.436				2
2026.03.30	01:31:14.964	160.437				2
2026.03.30	01:31:15.264	160.436				2
2026.03.30	01:31:15.568	160.437				2
2026.03.30	01:31:15.865	160.436				2
2026.03.30	01:31:16.167	160.437				2
2026.03.30	01:31:17.067	160.436				2
2026.03.30	01:31:18.269		160.438			4
2026.03.30	01:31:18.875		160.439			4
2026.03.30	01:31:19.773	160.437				2
2026.03.30	01:31:20.074	160.436				2
2026.03.30	01:31:20.679	160.435	160.438			6
2026.03.30	01:31:23.377	160.436				2
2026.03.30	01:31:23.677	160.435	160.437			6
2026.03.30	01:31:23.976	160.436	160.438			6
2026.03.30	01:31:28.179	160.437				2
2026.03.30	01:31:30.281	160.436	160.437			6
2026.03.30	01:31:32.386	160.438	160.439			6
2026.03.30	01:31:32.987	160.437	160.438			6
2026.03.30	01:31:33.287	160.438	160.439			6
2026.03.30	01:31:34.488	160.437	160.438			6
2026.03.30	01:31:40.797	160.436	160.437			6
2026.03.30	01:31:43.501	160.437	160.438			6
2026.03.30	01:31:48.606	160.436	160.437			6
2026.03.30	01:31:50.712	160.437	160.438			6
2026.03.30	01:31:52.215	160.436	160.437			6
2026.03.30	01:31:53.418	160.437	160.438			6
2026.03.30	01:31:56.118	160.436	160.437			6
2026.03.30	01:31:56.418	160.437	160.438			6
2026.03.30	01:32:00.026	160.437				2
2026.03.30	01:32:00.323	160.436	160.437			6
2026.03.30	01:32:02.423	160.437	160.438			6
2026.03.30	01:32:03.022	160.436	160.437			6
2026.03.30	01:32:04.527	160.437	160.438			6
2026.03.30	01:32:04.825	160.436	160.437			6
