<DATE>	<TIME>	<BID>	<ASK>	<LAST>	<VOLUME>	<FLAGS>
2026.01.06	00:03:30.453	156.299	156.430			6
2026.01.06	00:04:11.464	156.345	156.433			6
2026.01.06	00:04:52.309	156.360				2
2026.01.06	00:05:00.040	156.360				2
2026.01.06	00:05:11.475		156.433			4
2026.01.06	00:05:23.553	156.345				2
2026.01.06	00:05:27.269	156.339				2
2026.01.06	00:05:52.303	156.356				2
2026.01.06	00:06:00.023	156.356				2
2026.01.06	00:06:11.754		156.433			4
2026.01.06	00:06:22.873	156.338				2
2026.01.06	00:06:43.612	156.356				2
2026.01.06	00:06:46.698	156.317				2
2026.01.06	00:07:00.297	156.317				2
2026.01.06	00:07:12.046		156.433			4
2026.01.06	00:07:39.370	156.319				2
2026.01.06	00:07:47.127	156.322				2
2026.01.06	00:08:00.210	156.322				2
2026.01.06	00:08:12.293		156.433			4
2026.01.06	00:09:00.130	156.322				2
2026.01.06	00:09:12.555		156.433			4
2026.01.06	00:09:46.882	156.330				2
2026.01.06	00:10:00.193	156.330				2
2026.01.06	00:10:11.714	156.327				2
2026.01.06	00:10:12.647	156.331	156.433			6
2026.01.06	00:10:17.923	156.329				2
2026.01.06	00:10:20.411	156.328				2
2026.01.06	00:11:00.207	156.328				2
2026.01.06	00:11:06.694	156.331				2
2026.01.06	00:11:07.002	156.328				2
2026.01.06	00:11:08.235	156.331				2
2026.01.06	00:11:12.856		156.433			4
2026.01.06	00:11:33.829	156.336				2
2026.01.06	00:11:55.155	156.333				2
2026.01.06	00:12:00.094	156.333				2
2026.01.06	00:12:02.865	156.334				2
2026.01.06	00:12:11.798	156.336				2
2026.01.06	00:12:13.042	156.338	156.433			6
2026.01.06	00:12:13.964	156.343				2
2026.01.06	00:12:15.812	156.345				2
2026.01.06	00:12:24.753	156.337				2
2026.01.06	00:12:41.725	156.338				2
2026.01.06	00:12:42.645	156.335				2
2026.01.06	00:12:55.263	156.339				2
2026.01.06	00:13:00.178	156.339				2
2026.01.06	00:13:02.641	156.337				2
2026.01.06	00:13:11.583	156.336				2
2026.01.06	00:13:13.133		156.433			4
2026.01.06	00:13:17.465	156.345				2
2026.01.06	00:13:48.719	156.336				2
2026.01.06	00:13:54.300	156.338				2
2026.01.06	00:13:56.153	156.339				2
2026.01.06	00:14:00.190	156.339				2
2026.01.06	00:14:13.227		156.433			4
2026.01.06	00:14:27.515	156.338				2
2026.01.06	00:14:42.391	156.345				2
2026.01.06	00:14:44.876	156.331	156.430			6
2026.01.06	00:14:45.180	156.286				2
2026.01.06	00:14:45.491		156.432			4
2026.01.06	00:14:46.733		156.430			4
2026.01.06	00:14:47.039		156.432			4
2026.01.06	00:14:47.662		156.430			4
2026.01.06	00:14:50.742		156.432			4
2026.01.06	00:14:51.366		156.430			4
2026.01.06	00:15:00.016	156.286				2
2026.01.06	00:15:09.305	156.313	156.433			6
2026.01.06	00:15:13.333	156.315				2
2026.01.06	00:15:23.618	156.314				2
2026.01.06	00:15:26.709	156.313				2
2026.01.06	00:15:30.759	156.333				2
2026.01.06	00:15:36.325	156.332				2
2026.01.06	00:15:40.667	156.331				2
2026.01.06	00:16:00.173	156.331				2
2026.01.06	00:16:04.235	156.332				2
2026.01.06	00:16:04.539	156.334				2
2026.01.06	00:16:05.484	156.335				2
2026.01.06	00:16:06.417	156.332				2
2026.01.06	00:16:07.972	156.335				2
2026.01.06	00:16:09.510		156.433			4
2026.01.06	00:16:10.438	156.336				2
2026.01.06	00:16:14.141	156.337				2
2026.01.06	00:16:14.452	156.338				2
2026.01.06	00:16:16.280	156.339				2
2026.01.06	00:16:18.442	156.347				2
2026.01.06	00:16:18.751		156.434			4
2026.01.06	00:16:23.960		156.435			4
2026.01.06	00:16:24.265		156.434			4
2026.01.06	00:16:24.881		156.435			4
2026.01.06	00:16:25.823		156.436			4
2026.01.06	00:16:28.803		156.435			4
2026.01.06	00:16:32.221		156.433			4
2026.01.06	00:16:46.488	156.340				2
2026.01.06	00:16:47.730	156.353	156.435			6
2026.01.06	00:16:49.896	156.351				2
2026.01.06	00:16:50.896	156.352				2
2026.01.06	00:16:51.900	156.353				2
2026.01.06	00:16:52.696	156.354				2
2026.01.06	00:17:00.530	156.354				2
2026.01.06	00:17:36.649	156.361				2
2026.01.06	00:17:48.042		156.435			4
2026.01.06	00:18:00.529	156.361				2
2026.01.06	00:18:05.511	156.362				2
2026.01.06	00:18:07.681	156.354				2
2026.01.06	00:18:10.533	156.355				2
2026.01.06	00:18:24.984	156.353				2
2026.01.06	00:18:27.992	156.352	156.432			6
2026.01.06	00:18:29.160	156.354				2
2026.01.06	00:18:31.127	156.353	156.426			6
2026.01.06	00:18:35.778	156.351	156.421			6
2026.01.06	00:18:37.401	156.350	156.417			6
2026.01.06	00:18:39.365	156.347	156.412			6
2026.01.06	00:18:41.460	156.345	156.408			6
2026.01.06	00:18:42.349	156.339				2
2026.01.06	00:18:43.043		156.405			4
2026.01.06	00:18:44.056	156.347				2
2026.01.06	00:18:47.475	156.345	156.400			6
2026.01.06	00:18:51.046		156.399			4
2026.01.06	00:18:52.541	156.360	156.435			6
2026.01.06	00:19:00.784	156.360				2
2026.01.06	00:19:14.835	156.356				2
2026.01.06	00:19:34.900	156.360				2
2026.01.06	00:19:51.716	156.361				2
2026.01.06	00:19:52.632		156.435			4
2026.01.06	00:20:00.041	156.361				2
2026.01.06	00:20:05.605	156.356				2
2026.01.06	00:20:25.897	156.361				2
2026.01.06	00:20:37.474	156.366				2
2026.01.06	00:20:47.371	156.360	156.438			6
2026.01.06	00:20:48.121	156.366	156.435			6
2026.01.06	00:20:56.553	156.360				2
2026.01.06	00:20:57.744	156.366				2
2026.01.06	00:21:00.528	156.366				2
2026.01.06	00:21:28.362	156.360				2
2026.01.06	00:21:50.918	156.366	156.435			6
2026.01.06	00:22:02.139	156.366				2
2026.01.06	00:22:21.940	156.362				2
2026.01.06	00:23:00.033	156.362	156.435			6
2026.01.06	00:23:03.816		156.436			4
2026.01.06	00:23:04.564	156.372				2
2026.01.06	00:23:28.438	156.371	156.444			6
2026.01.06	00:23:34.672	156.364	156.445			6
2026.01.06	00:23:35.284	156.371	156.444			6
2026.01.06	00:23:38.145	156.364				2
2026.01.06	00:23:40.321	156.371				2
2026.01.06	00:24:05.140	156.371				2
2026.01.06	00:24:10.998	156.365				2
2026.01.06	00:24:20.952		156.445			4
2026.01.06	00:24:21.884		156.444			4
2026.01.06	00:24:23.426	156.364				2
2026.01.06	00:24:23.734	156.370				2
2026.01.06	00:24:26.837	156.366	156.440			6
2026.01.06	00:24:27.461		156.442			4
2026.01.06	00:24:29.009	156.361	156.440			6
2026.01.06	00:24:31.806		156.441			4
2026.01.06	00:24:32.425		156.440			4
2026.01.06	00:24:32.730		156.439			4
2026.01.06	00:24:33.656		156.438			4
2026.01.06	00:24:35.511		156.439			4
2026.01.06	00:24:40.466	156.360	156.435			6
2026.01.06	00:25:00.776	156.360	156.433			6
2026.01.06	00:25:03.246		156.414			4
2026.01.06	00:25:29.034	156.364				2
2026.01.06	00:25:34.121		156.429			4
2026.01.06	00:25:38.749		156.430			4
2026.01.06	00:25:42.464		156.426			4
2026.01.06	00:25:49.617		156.425			4
2026.01.06	00:25:51.990		156.414			4
2026.01.06	00:25:59.430	156.362				2
2026.01.06	00:26:02.610	156.362				2
2026.01.06	00:26:22.654		156.424			4
2026.01.06	00:26:40.069		156.425			4
2026.01.06	00:26:40.993		156.424			4
2026.01.06	00:26:41.383		156.425			4
2026.01.06	00:26:56.539		156.424			4
2026.01.06	00:26:59.093		156.427			4
2026.01.06	00:27:01.383	156.362	156.426			6
2026.01.06	00:27:07.257		156.424			4
2026.01.06	00:27:10.901		156.414			4
2026.01.06	00:27:41.406		156.426			4
2026.01.06	00:27:55.015		156.428			4
2026.01.06	00:27:56.562		156.427			4
2026.01.06	00:28:00.271	156.362				2
2026.01.06	00:28:03.345		156.428			4
2026.01.06	00:28:08.907		156.431			4
2026.01.06	00:28:09.524		156.430			4
2026.01.06	00:28:09.834	156.361	156.433			6
2026.01.06	00:28:10.141		156.428			4
2026.01.06	00:28:11.378		156.425			4
2026.01.06	00:28:11.695		156.426			4
2026.01.06	00:28:20.633		156.427			4
2026.01.06	00:28:36.922		156.419			4
2026.01.06	00:29:00.926	156.361				2
2026.01.06	00:29:08.093		156.433			4
2026.01.06	00:29:09.640		156.432			4
2026.01.06	00:29:09.948		156.429			4
2026.01.06	00:29:10.266		156.436			4
2026.01.06	00:29:10.889		156.438			4
2026.01.06	00:29:12.742		156.434			4
2026.01.06	00:29:13.052		156.422			4
2026.01.06	00:29:25.420	156.362				2
2026.01.06	00:29:38.531	156.356	156.424			6
2026.01.06	00:29:41.426	156.358				2
2026.01.06	00:29:44.265		156.440			4
2026.01.06	00:29:44.584		156.439			4
2026.01.06	00:29:48.624		156.424			4
2026.01.06	00:30:00.372	156.358				2
2026.01.06	00:30:00.687	156.365				2
2026.01.06	00:30:01.492	156.364				2
2026.01.06	00:30:04.626	156.369				2
2026.01.06	00:30:05.796	156.372				2
2026.01.06	00:30:06.156	156.371				2
2026.01.06	00:30:06.585	156.373				2
2026.01.06	00:30:16.463	156.374				2
2026.01.06	00:30:20.091		156.445			4
2026.01.06	00:30:25.959	156.373	156.447			6
2026.01.06	00:30:28.291	156.359	156.448			6
2026.01.06	00:30:28.604	156.366				2
2026.01.06	00:30:29.377	156.370	156.446			6
2026.01.06	00:30:30.376	156.372				2
2026.01.06	00:30:33.941	156.367				2
2026.01.06	00:30:35.637	156.366				2
2026.01.06	00:30:36.250	156.367				2
2026.01.06	00:30:40.883	156.366				2
2026.01.06	00:30:41.232	156.369				2
2026.01.06	00:30:44.576	156.366				2
2026.01.06	00:30:44.878	156.369				2
2026.01.06	00:30:45.219	156.371				2
2026.01.06	00:30:46.030	156.368				2
2026.01.06	00:30:50.939	156.380				2
2026.01.06	00:30:54.222		156.451			4
2026.01.06	00:30:54.972		156.446			4
2026.01.06	00:30:55.842		156.433			4
2026.01.06	00:30:57.112	156.375				2
2026.01.06	00:30:58.117		156.428			4
2026.01.06	00:31:00.039	156.375				2
2026.01.06	00:31:03.232	156.377				2
2026.01.06	00:31:03.538	156.376				2
2026.01.06	00:31:06.820		156.431			4
2026.01.06	00:31:07.867		156.424			4
2026.01.06	00:31:08.650		156.422			4
2026.01.06	00:31:12.108	156.378				2
2026.01.06	00:31:12.904	156.377	156.427			6
2026.01.06	00:31:21.081		156.426			4
2026.01.06	00:31:23.131	156.381	156.423			6
2026.01.06	00:31:26.192		156.416			4
2026.01.06	00:31:26.726		156.442			4
2026.01.06	00:31:27.030		156.451			4
2026.01.06	00:31:27.773		156.442			4
2026.01.06	00:31:28.563		156.414			4
2026.01.06	00:31:34.293	156.387	156.423			6
2026.01.06	00:31:34.601	156.385				2
2026.01.06	00:31:35.458		156.422			4
2026.01.06	00:31:39.472		156.456			4
2026.01.06	00:31:40.086		156.422			4
2026.01.06	00:31:42.866	156.389				2
2026.01.06	00:31:44.484	156.384	156.418			6
2026.01.06	00:31:53.675	156.383				2
2026.01.06	00:31:56.690	156.382				2
2026.01.06	00:31:59.364		156.445			4
2026.01.06	00:32:00.527	156.382				2
2026.01.06	00:32:08.976		156.451			4
2026.01.06	00:32:09.724		156.445			4
2026.01.06	00:32:17.664	156.385				2
2026.01.06	00:32:19.384	156.382				2
2026.01.06	00:32:19.740	156.383				2
2026.01.06	00:32:21.084		156.418			4
2026.01.06	00:32:21.386		156.421			4
2026.01.06	00:32:22.291		156.430			4
2026.01.06	00:32:30.123	156.386	156.440			6
2026.01.06	00:32:31.179	156.387				2
2026.01.06	00:32:32.897	156.385				2
2026.01.06	00:32:33.206	156.386				2
2026.01.06	00:32:34.499	156.384				2
2026.01.06	00:32:35.876	156.385				2
2026.01.06	00:32:36.871	156.386				2
2026.01.06	00:32:51.342		156.446			4
2026.01.06	00:33:00.530	156.386				2
2026.01.06	00:33:14.983		156.440			4
2026.01.06	00:33:15.320	156.397	156.451			6
2026.01.06	00:33:49.438	156.402	156.456			6
2026.01.06	00:34:00.161	156.403				2
2026.01.06	00:34:19.659		156.461			4
2026.01.06	00:34:40.486	156.404				2
2026.01.06	00:35:00.042	156.404				2
2026.01.06	00:35:02.458	156.402				2
2026.01.06	00:35:04.177		156.459			4
2026.01.06	00:35:04.477	156.400	156.456			6
2026.01.06	00:35:12.979		156.451			4
2026.01.06	00:35:43.905		156.456			4
2026.01.06	00:35:50.853	156.399	156.455			6
2026.01.06	00:35:55.733		156.452			4
2026.01.06	00:35:59.290		156.454			4
2026.01.06	00:36:00.316	156.399				2
2026.01.06	00:36:02.590	156.398	156.455			6
2026.01.06	00:36:03.228		156.453			4
2026.01.06	00:36:04.930		156.454			4
2026.01.06	00:36:09.612		156.451			4
2026.01.06	00:36:24.629	156.399	156.450			6
2026.01.06	00:36:36.564	156.398	156.446			6
2026.01.06	00:36:38.758	156.396	156.445			6
2026.01.06	00:36:40.925		156.450			4
2026.01.06	00:36:42.370	156.399	156.455			6
2026.01.06	00:37:00.425	156.402	156.459			6
2026.01.06	00:37:00.945		156.460			4
2026.01.06	00:37:07.025	156.400	156.456			6
2026.01.06	00:37:09.640	156.397	156.450			6
2026.01.06	00:37:12.683	156.400	156.449			6
2026.01.06	00:37:15.039	156.403	156.457			6
2026.01.06	00:37:20.439		156.460			4
2026.01.06	00:38:00.280	156.403	156.458			6
2026.01.06	00:38:02.545		156.460			4
2026.01.06	00:38:10.323		156.457			4
2026.01.06	00:38:15.398		156.459			4
2026.01.06	00:38:27.432		156.460			4
2026.01.06	00:39:01.452	156.403				2
2026.01.06	00:39:13.182		156.458			4
2026.01.06	00:39:20.531		156.459			4
2026.01.06	00:39:23.038		156.460			4
2026.01.06	00:39:30.855		156.459			4
2026.01.06	00:39:45.778		156.458			4
2026.01.06	00:39:48.712		156.460			4
2026.01.06	00:39:49.085		156.457			4
2026.01.06	00:39:51.543		156.460			4
2026.01.06	00:40:00.325	156.403				2
2026.01.06	00:40:04.330		156.459			4
2026.01.06	00:40:12.164		156.460			4
2026.01.06	00:40:15.343	156.402				2
2026.01.06	00:40:41.829		156.458			4
2026.01.06	00:40:45.640		156.457			4
2026.01.06	00:40:49.292		156.459			4
2026.01.06	00:41:02.745	156.402				2
2026.01.06	00:41:11.246		156.461			4
2026.01.06	00:41:11.578		156.459			4
2026.01.06	00:41:50.228		156.458			4
2026.01.06	00:41:53.134		156.461			4
2026.01.06	00:42:00.341	156.402				2
2026.01.06	00:42:03.019		156.458			4
2026.01.06	00:42:18.545		156.456			4
2026.01.06	00:42:22.296		156.461			4
2026.01.06	00:42:24.934	156.405	156.465			6
2026.01.06	00:42:32.095	156.404				2
2026.01.06	00:42:57.420		156.467			4
2026.01.06	00:43:02.842	156.404	156.466			6
2026.01.06	00:43:17.091		156.467			4
2026.01.06	00:43:57.074		156.468			4
2026.01.06	00:43:57.824		156.467			4
2026.01.06	00:44:04.938	156.404				2
2026.01.06	00:44:57.359	156.402	156.462			6
2026.01.06	00:44:58.732	156.404	156.466			6
2026.01.06	00:45:00.223	156.404	156.467			6
2026.01.06	00:45:03.175	156.391	156.485			6
2026.01.06	00:45:06.618	156.404	156.467			6
2026.01.06	00:45:13.840	156.418	156.453			6
2026.01.06	00:45:19.118	156.436				2
2026.01.06	00:45:19.462	156.413	156.452			6
2026.01.06	00:45:21.578		156.453			4
2026.01.06	00:45:27.234	156.410				2
2026.01.06	00:45:29.501	156.408				2
2026.01.06	00:45:34.470	156.410				2
2026.01.06	00:45:37.243	156.443	156.463			6
2026.01.06	00:45:37.578	156.445				2
2026.01.06	00:45:39.743	156.425	156.461			6
2026.01.06	00:45:41.556		156.462			4
2026.01.06	00:46:00.475	156.425				2
2026.01.06	00:46:32.025	156.421	156.458			6
2026.01.06	00:46:34.661		156.460			4
2026.01.06	00:46:43.346		156.458			4
2026.01.06	00:46:46.707	156.419	156.454			6
2026.01.06	00:46:49.183		156.458			4
2026.01.06	00:46:57.908	156.453	156.473			6
2026.01.06	00:46:58.777	156.449	156.474			6
2026.01.06	00:47:00.043	156.484	156.507			6
2026.01.06	00:47:00.357	156.474				2
2026.01.06	00:47:01.824	156.476				2
2026.01.06	00:47:03.115	156.467	156.539			6
2026.01.06	00:47:03.425	156.468				2
2026.01.06	00:47:06.229	156.466	156.532			6
2026.01.06	00:47:06.537	156.478	156.505			6
2026.01.06	00:47:06.928	156.479	156.506			6
2026.01.06	00:47:10.249		156.515			4
2026.01.06	00:47:10.566	156.480				2
2026.01.06	00:47:14.136	156.481				2
2026.01.06	00:47:15.347	156.477	156.512			6
2026.01.06	00:47:15.964	156.480				2
2026.01.06	00:47:16.894	156.479				2
2026.01.06	00:47:20.529		156.511			4
2026.01.06	00:47:23.760	156.477				2
2026.01.06	00:47:24.670		156.513			4
2026.01.06	00:47:30.163	156.478				2
2026.01.06	00:47:32.344		156.515			4
2026.01.06	00:47:51.449	156.477				2
2026.01.06	00:47:57.482	156.478				2
2026.01.06	00:48:00.528	156.478				2
2026.01.06	00:48:04.407	156.477				2
2026.01.06	00:48:04.906	156.478				2
2026.01.06	00:48:06.390	156.479	156.516			6
2026.01.06	00:48:09.319		156.514			4
2026.01.06	00:48:11.799	156.476	156.513			6
2026.01.06	00:48:13.655	156.477	156.510			6
2026.01.06	00:48:16.465	156.475				2
2026.01.06	00:48:28.239	156.476				2
2026.01.06	00:48:29.918	156.480	156.513			6
2026.01.06	00:48:35.000	156.481	156.514			6
2026.01.06	00:48:38.879	156.484	156.517			6
2026.01.06	00:48:54.939	156.482	156.516			6
2026.01.06	00:49:00.528	156.482				2
2026.01.06	00:49:26.934		156.515			4
2026.01.06	00:49:32.254	156.481	156.509			6
2026.01.06	00:49:40.465	156.477				2
2026.01.06	00:49:42.533	156.474	156.507			6
2026.01.06	00:49:43.508	156.479	156.511			6
2026.01.06	00:50:00.528	156.479				2
2026.01.06	00:50:07.981	156.449	156.489			6
2026.01.06	00:50:08.788	156.448	156.485			6
2026.01.06	00:50:09.156	156.447	156.489			6
2026.01.06	00:50:09.999		156.485			4
2026.01.06	00:50:10.313	156.446	156.486			6
2026.01.06	00:50:17.998		156.485			4
2026.01.06	00:50:21.756		156.484			4
2026.01.06	00:50:23.417		156.485			4
2026.01.06	00:50:25.110	156.449	156.486			6
2026.01.06	00:50:26.137	156.453	156.490			6
2026.01.06	00:50:36.500		156.491			4
2026.01.06	00:50:47.527		156.492			4
2026.01.06	00:50:51.118		156.493			4
2026.01.06	00:50:53.996	156.481	156.507			6
2026.01.06	00:51:00.528	156.481				2
2026.01.06	00:51:22.985	156.480				2
2026.01.06	00:51:28.530	156.460	156.497			6
2026.01.06	00:51:28.852		156.498			4
2026.01.06	00:51:30.529		156.497			4
2026.01.06	00:51:42.787	156.461	156.498			6
2026.01.06	00:52:00.529	156.461				2
2026.01.06	00:52:20.528		156.497			4
2026.01.06	00:52:28.617	156.462	156.496			6
2026.01.06	00:52:35.435	156.465	156.500			6
2026.01.06	00:53:00.528	156.465				2
2026.01.06	00:53:06.666	156.466	156.502			6
2026.01.06	00:53:28.389	156.465	156.500			6
2026.01.06	00:54:00.530	156.465				2
2026.01.06	00:54:18.004	156.463	156.497			6
2026.01.06	00:54:21.014	156.466	156.500			6
2026.01.06	00:54:48.427	156.463	156.497			6
2026.01.06	00:55:00.441	156.466	156.500			6
2026.01.06	00:55:02.800	156.463	156.497			6
2026.01.06	00:55:04.230		156.499			4
2026.01.06	00:55:13.237	156.465	156.500			6
2026.01.06	00:55:14.997	156.486	156.511			6
2026.01.06	00:55:15.300		156.512			4
2026.01.06	00:55:16.132	156.483	156.514			6
2026.01.06	00:55:17.029	156.490	156.512			6
2026.01.06	00:55:17.400	156.486				2
2026.01.06	00:55:25.825	156.492	156.525			6
2026.01.06	00:55:26.164	156.490	156.521			6
2026.01.06	00:55:26.866	156.469	156.506			6
2026.01.06	00:55:27.577	156.470	156.505			6
2026.01.06	00:55:27.995		156.506			4
2026.01.06	00:56:00.238	156.470				2
2026.01.06	00:56:12.629	156.471	156.505			6
2026.01.06	00:56:23.528	156.468	156.503			6
2026.01.06	00:56:50.528	156.469	156.502			6
2026.01.06	00:56:53.157	156.472	156.509			6
2026.01.06	00:56:55.313	156.475	156.510			6
2026.01.06	00:57:02.140	156.475				2
2026.01.06	00:57:12.631	156.480	156.516			6
2026.01.06	00:57:57.631	156.481				2
2026.01.06	00:58:03.406	156.481				2
2026.01.06	00:58:12.632		156.516			4
2026.01.06	00:59:00.619	156.481				2
2026.01.06	00:59:12.633		156.516			4
2026.01.06	00:59:20.330	156.499	156.526			6
2026.01.06	00:59:22.328	156.498				2
2026.01.06	00:59:25.127		156.532			4
2026.01.06	00:59:25.871	156.500	156.526			6
2026.01.06	00:59:32.632	156.515	156.546			6
2026.01.06	00:59:32.940	156.514	156.548			6
2026.01.06	00:59:33.336	156.512	156.546			6
2026.01.06	00:59:35.735	156.514	156.548			6
2026.01.06	00:59:38.083	156.511	156.542			6
2026.01.06	00:59:40.442	156.512				2
2026.01.06	00:59:45.567	156.509	156.541			6
2026.01.06	00:59:48.293	156.516	156.547			6
2026.01.06	00:59:53.109	156.510	156.541			6
2026.01.06	00:59:58.247	156.508	156.540			6
2026.01.06	01:00:00.305	156.513	156.557			6
2026.01.06	01:00:00.631	156.512				2
2026.01.06	01:00:00.950	156.514	156.555			6
2026.01.06	01:00:01.252	156.507	156.557			6
2026.01.06	01:00:01.560		156.556			4
2026.01.06	01:00:01.871	156.517	156.554			6
2026.01.06	01:00:02.234	156.518				2
2026.01.06	01:00:02.879	156.508	156.555			6
2026.01.06	01:00:03.311	156.505	156.557			6
2026.01.06	01:00:03.624	156.508	156.559			6
2026.01.06	01:00:04.843	156.506	156.558			6
2026.01.06	01:00:05.150	156.527	156.531			6
2026.01.06	01:00:05.454	156.531	156.535			6
2026.01.06	01:00:05.757	156.501	156.530			6
2026.01.06	01:00:06.064	156.496	156.532			6
2026.01.06	01:00:06.376	156.527	156.531			6
2026.01.06	01:00:06.687	156.528	156.532			6
2026.01.06	01:00:06.999	156.529	156.533			6
2026.01.06	01:00:07.301	156.528	156.532			6
2026.01.06	01:00:07.912	156.527	156.531			6
2026.01.06	01:00:08.217	156.526	156.530			6
2026.01.06	01:00:09.135	156.484	156.525			6
2026.01.06	01:00:09.438	156.483	156.520			6
2026.01.06	01:00:09.775	156.481	156.514			6
2026.01.06	01:00:10.077	156.504	156.533			6
2026.01.06	01:00:10.380	156.527	156.532			6
2026.01.06	01:00:10.688	156.507	156.543			6
2026.01.06	01:00:10.992	156.504	156.536			6
2026.01.06	01:00:11.299	156.528	156.533			6
2026.01.06	01:00:11.609	156.530	156.535			6
2026.01.06	01:00:12.225		156.534			4
2026.01.06	01:00:13.139	156.529	156.533			6
2026.01.06	01:00:15.275	156.532	156.535			6
2026.01.06	01:00:15.578		156.536			4
2026.01.06	01:00:16.194		156.535			4
2026.01.06	01:00:18.333	156.530	156.534			6
2026.01.06	01:00:18.637	156.531	156.535			6
2026.01.06	01:00:20.166	156.532	156.536			6
2026.01.06	01:00:21.095	156.510	156.534			6
2026.01.06	01:00:21.418		156.533			4
2026.01.06	01:00:23.591	156.533	156.534			6
2026.01.06	01:00:26.045	156.510	156.533			6
2026.01.06	01:00:29.456	156.509				2
2026.01.06	01:00:30.705	156.533	156.534			6
2026.01.06	01:00:31.315	156.507	156.533			6
2026.01.06	01:00:32.553	156.508				2
2026.01.06	01:00:33.473	156.510				2
2026.01.06	01:00:33.793	156.531				2
2026.01.06	01:00:38.103	156.532				2
2026.01.06	01:00:39.029	156.509				2
2026.01.06	01:00:39.335	156.532				2
2026.01.06	01:00:39.645	156.508				2
2026.01.06	01:00:40.275	156.510				2
2026.01.06	01:00:41.526	156.509	156.549			6
2026.01.06	01:00:42.040	156.510				2
2026.01.06	01:00:42.601		156.550			4
2026.01.06	01:00:44.227		156.548			4
2026.01.06	01:00:44.811	156.512				2
2026.01.06	01:00:46.575	156.511				2
2026.01.06	01:00:47.738	156.516	156.537			6
2026.01.06	01:00:48.074	156.517	156.536			6
2026.01.06	01:00:50.478	156.518				2
2026.01.06	01:00:50.796	156.517				2
2026.01.06	01:00:51.121	156.518	156.537			6
2026.01.06	01:00:54.889		156.536			4
2026.01.06	01:00:56.373	156.515	156.529			6
2026.01.06	01:00:57.941	156.526	156.527			6
2026.01.06	01:00:58.251	156.516	156.531			6
2026.01.06	01:00:58.722	156.527	156.528			6
2026.01.06	01:01:00.250	156.522	156.523			6
2026.01.06	01:01:03.318	156.532	156.533			6
2026.01.06	01:01:03.929	156.533	156.534			6
2026.01.06	01:01:15.603	156.529	156.530			6
2026.01.06	01:01:17.442	156.528	156.529			6
2026.01.06	01:01:18.363	156.527	156.528			6
2026.01.06	01:01:23.579	156.525	156.526			6
2026.01.06	01:01:23.885	156.524	156.525			6
2026.01.06	01:01:26.655	156.525	156.526			6
2026.01.06	01:01:27.268	156.526	156.527			6
2026.01.06	01:01:30.352	156.523	156.524			6
2026.01.06	01:01:32.803	156.526	156.527			6
2026.01.06	01:01:36.480	156.527	156.528			6
2026.01.06	01:01:36.783	156.528	156.529			6
2026.01.06	01:01:39.854	156.530	156.531			6
2026.01.06	01:01:40.160	156.531	156.532			6
2026.01.06	01:01:43.830	156.541	156.542			6
2026.01.06	01:01:51.494	156.542	156.543			6
2026.01.06	01:01:55.183	156.541	156.542			6
2026.01.06	01:02:00.090	156.541				2
2026.01.06	01:02:02.251	156.549	156.550			6
2026.01.06	01:02:02.559	156.567	156.568			6
2026.01.06	01:02:05.932	156.566	156.567			6
2026.01.06	01:03:00.208	156.566				2
2026.01.06	01:03:01.121	156.560	156.561			6
2026.01.06	01:03:01.425	156.562	156.563			6
2026.01.06	01:03:09.417	156.561	156.562			6
2026.01.06	01:03:11.263	156.565	156.566			6
2026.01.06	01:03:19.283	156.562	156.563			6
2026.01.06	01:03:24.520	156.561	156.562			6
2026.01.06	01:03:25.133	156.560	156.561			6
2026.01.06	01:03:28.199	156.561	156.562			6
2026.01.06	01:03:32.491	156.560	156.561			6
2026.01.06	01:03:35.239	156.559	156.560			6
2026.01.06	01:03:35.544	156.557	156.558			6
2026.01.06	01:03:35.846	156.555	156.556			6
2026.01.06	01:03:36.149	156.557	156.558			6
2026.01.06	01:03:36.454	156.559	156.560			6
2026.01.06	01:03:36.759	156.560	156.561			6
2026.01.06	01:03:37.677	156.561	156.562			6
2026.01.06	01:03:38.610	156.562	156.563			6
2026.01.06	01:03:38.918	156.565	156.566			6
2026.01.06	01:03:41.989	156.566	156.567			6
2026.01.06	01:03:42.294	156.567	156.568			6
2026.01.06	01:03:44.445	156.573	156.574			6
2026.01.06	01:03:44.756	156.574	156.576			6
2026.01.06	01:03:46.916	156.576	156.577			6
2026.01.06	01:03:49.679	156.568	156.569			6
2026.01.06	01:03:50.903	156.571	156.572			6
2026.01.06	01:03:51.834	156.573	156.574			6
2026.01.06	01:03:52.140	156.572	156.573			6
2026.01.06	01:03:57.353	156.570	156.571			6
2026.01.06	01:03:58.876	156.569	156.570			6
2026.01.06	01:04:00.103	156.569				2
2026.01.06	01:04:06.548	156.570	156.571			6
2026.01.06	01:04:08.380	156.572	156.573			6
2026.01.06	01:04:24.339	156.571	156.572			6
2026.01.06	01:04:25.261	156.572	156.573			6
2026.01.06	01:04:26.192	156.571	156.572			6
2026.01.06	01:04:27.116	156.570	156.571			6
2026.01.06	01:04:29.259	156.571	156.572			6
2026.01.06	01:04:34.470	156.566	156.567			6
2026.01.06	01:04:34.776	156.571	156.572			6
2026.01.06	01:04:40.309	156.570	156.571			6
2026.01.06	01:04:40.617	156.571	156.572			6
2026.01.06	01:04:41.231	156.568	156.569			6
2026.01.06	01:04:41.539	156.569	156.570			6
2026.01.06	01:04:45.245	156.570	156.571			6
2026.01.06	01:04:45.556	156.569	156.570			6
2026.01.06	01:04:50.152	156.564	156.565			6
2026.01.06	01:04:50.457	156.563	156.564			6
2026.01.06	01:04:54.156	156.561	156.562			6
2026.01.06	01:04:54.461	156.558	156.559			6
2026.01.06	01:05:00.288	156.558				2
2026.01.06	01:05:01.208	156.557	156.558			6
2026.01.06	01:05:01.517	156.552	156.557			6
2026.01.06	01:05:02.759	156.553	156.558			6
2026.01.06	01:05:03.372	156.557				2
2026.01.06	01:05:09.225	156.556	156.557			6
2026.01.06	01:05:11.071	156.547	156.548			6
2026.01.06	01:05:12.915	156.548	156.549			6
2026.01.06	01:05:20.565	156.547	156.548			6
2026.01.06	01:05:21.783	156.548	156.549			6
2026.01.06	01:05:22.093	156.549	156.550			6
2026.01.06	01:05:23.317	156.548	156.549			6
2026.01.06	01:05:26.399	156.547	156.548			6
2026.01.06	01:05:27.938	156.548	156.549			6
2026.01.06	01:05:29.774	156.547	156.548			6
2026.01.06	01:05:31.922	156.549	156.550			6
2026.01.06	01:05:35.300	156.548	156.549			6
2026.01.06	01:05:49.419	156.547	156.548			6
2026.01.06	01:05:54.010	156.555	156.556			6
2026.01.06	01:05:54.315	156.557	156.558			6
2026.01.06	01:06:00.128	156.557				2
2026.01.06	01:06:01.055	156.554	156.555			6
2026.01.06	01:06:07.187	156.557	156.558			6
2026.01.06	01:06:08.118	156.563	156.564			6
2026.01.06	01:06:09.345	156.562	156.563			6
2026.01.06	01:06:09.655	156.563	156.564			6
2026.01.06	01:06:10.565	156.564	156.565			6
2026.01.06	01:06:10.870	156.563	156.564			6
2026.01.06	01:06:11.177	156.564	156.565			6
2026.01.06	01:06:12.725	156.563	156.564			6
2026.01.06	01:06:14.884	156.565	156.566			6
2026.01.06	01:06:15.801	156.563	156.564			6
2026.01.06	01:06:26.248	156.562	156.563			6
2026.01.06	01:06:52.015	156.558	156.559			6
2026.01.06	01:06:52.938	156.556	156.557			6
2026.01.06	01:06:53.856	156.555	156.556			6
2026.01.06	01:06:55.078	156.556	156.557			6
2026.01.06	01:06:55.996	156.557	156.558			6
2026.01.06	01:06:59.374	156.556	156.557			6
2026.01.06	01:07:00.295	156.556				2
2026.01.06	01:07:02.439	156.549	156.550			6
2026.01.06	01:07:03.664	156.545	156.546			6
2026.01.06	01:07:06.435	156.548	156.549			6
2026.01.06	01:07:07.671	156.537	156.538			6
2026.01.06	01:07:07.979	156.535	156.536			6
2026.01.06	01:07:10.426	156.528	156.529			6
2026.01.06	01:07:14.727	156.530	156.531			6
2026.01.06	01:07:15.031	156.531	156.532			6
2026.01.06	01:07:18.402	156.541	156.542			6
2026.01.06	01:07:30.646	156.532	156.533			6
2026.01.06	01:07:30.955	156.531	156.532			6
2026.01.06	01:07:34.019	156.530	156.531			6
2026.01.06	01:07:36.151	156.529	156.530			6
2026.01.06	01:07:37.385	156.530	156.531			6
2026.01.06	01:07:41.655	156.531	156.532			6
2026.01.06	01:07:45.329	156.530	156.531			6
2026.01.06	01:07:47.164	156.529	156.530			6
2026.01.06	01:07:47.469	156.530	156.531			6
2026.01.06	01:07:49.018	156.531	156.532			6
2026.01.06	01:07:52.385	156.530	156.531			6
2026.01.06	01:07:52.998	156.528	156.529			6
2026.01.06	01:07:54.531	156.531	156.532			6
2026.01.06	01:07:58.516	156.530	156.531			6
2026.01.06	01:07:59.126	156.531	156.532			6
2026.01.06	01:08:00.051	156.531				2
2026.01.06	01:08:00.668	156.530	156.531			6
2026.01.06	01:08:03.425	156.531	156.532			6
2026.01.06	01:08:13.511	156.527	156.528			6
2026.01.06	01:08:13.818	156.531	156.532			6
2026.01.06	01:08:14.121	156.530	156.531			6
2026.01.06	01:08:15.342	156.532	156.533			6
2026.01.06	01:08:19.343	156.531	156.532			6
2026.01.06	01:08:19.648	156.532	156.533			6
2026.01.06	01:08:20.253	156.530	156.531			6
2026.01.06	01:08:21.172	156.531	156.532			6
2026.01.06	01:08:30.057	156.532	156.533			6
2026.01.06	01:08:32.206	156.536	156.537			6
2026.01.06	01:08:33.415	156.533	156.534			6
2026.01.06	01:08:34.338	156.535	156.536			6
2026.01.06	01:08:35.255	156.534	156.535			6
2026.01.06	01:08:35.863	156.536	156.537			6
2026.01.06	01:08:39.535	156.533	156.534			6
2026.01.06	01:08:40.153	156.535	156.536			6
2026.01.06	01:08:41.381	156.525	156.526			6
2026.01.06	01:08:43.224	156.527	156.528			6
2026.01.06	01:08:43.536	156.528	156.529			6
2026.01.06	01:08:44.463	156.526	156.527			6
2026.01.06	01:08:45.391	156.528	156.529			6
2026.01.06	01:08:46.307	156.527	156.528			6
2026.01.06	01:08:47.534	156.523	156.524			6
2026.01.06	01:08:57.977	156.521	156.522			6
2026.01.06	01:08:58.279	156.509	156.510			6
2026.01.06	01:09:00.124	156.509				2
2026.01.06	01:09:02.265	156.505	156.506			6
2026.01.06	01:09:02.876	156.506	156.507			6
2026.01.06	01:09:03.496	156.508	156.509			6
2026.01.06	01:09:07.190	156.506	156.507			6
2026.01.06	01:09:07.500	156.504	156.505			6
2026.01.06	01:09:08.117	156.502	156.503			6
2026.01.06	01:09:09.043	156.503	156.504			6
2026.01.06	01:09:09.964	156.504	156.505			6
2026.01.06	01:09:11.503	156.505	156.506			6
2026.01.06	01:09:12.741	156.504	156.505			6
2026.01.06	01:09:13.357	156.503	156.504			6
2026.01.06	01:09:13.667	156.504	156.505			6
2026.01.06	01:09:13.968	156.505	156.506			6
2026.01.06	01:09:14.587	156.506	156.507			6
2026.01.06	01:09:15.511	156.507	156.508			6
2026.01.06	01:09:21.625	156.508	156.509			6
2026.01.06	01:09:24.993	156.507	156.508			6
2026.01.06	01:09:30.824	156.508	156.509			6
2026.01.06	01:09:32.668	156.509	156.510			6
2026.01.06	01:09:33.274	156.520	156.521			6
2026.01.06	01:09:41.217	156.525	156.526			6
2026.01.06	01:09:41.518	156.527	156.528			6
2026.01.06	01:09:44.597	156.528	156.529			6
2026.01.06	01:09:45.213	156.524	156.525			6
2026.01.06	01:09:47.676	156.523	156.524			6
2026.01.06	01:09:51.030	156.533	156.534			6
2026.01.06	01:09:52.254	156.532	156.533			6
2026.01.06	01:09:53.178	156.533	156.534			6
2026.01.06	01:09:54.097	156.532	156.533			6
2026.01.06	01:09:55.321	156.541	156.542			6
2026.01.06	01:09:55.932	156.542	156.543			6
2026.01.06	01:10:00.220	156.542				2
2026.01.06	01:10:05.437	156.543	156.544			6
2026.01.06	01:10:06.051	156.544	156.545			6
2026.01.06	01:10:07.888	156.545	156.546			6
2026.01.06	01:10:09.114	156.544	156.545			6
2026.01.06	01:10:15.249	156.545	156.546			6
2026.01.06	01:10:21.988	156.544	156.545			6
2026.01.06	01:10:24.756	156.543	156.544			6
2026.01.06	01:10:55.726	156.544	156.545			6
2026.01.06	01:11:00.032	156.544				2
2026.01.06	01:11:15.376	156.543	156.544			6
2026.01.06	01:11:17.202	156.544	156.545			6
2026.01.06	01:11:20.895	156.543	156.544			6
2026.01.06	01:11:21.199	156.544	156.545			6
2026.01.06	01:11:24.265	156.542	156.543			6
2026.01.06	01:11:25.798	156.545	156.546			6
2026.01.06	01:11:28.565	156.547	156.548			6
2026.01.06	01:11:28.873	156.545	156.546			6
2026.01.06	01:11:31.015	156.554	156.555			6
2026.01.06	01:11:31.317	156.555	156.556			6
2026.01.06	01:11:32.230	156.551	156.552			6
2026.01.06	01:11:32.531	156.550	156.551			6
2026.01.06	01:11:37.123	156.549	156.550			6
2026.01.06	01:11:37.427	156.545	156.546			6
2026.01.06	01:11:38.345	156.544	156.545			6
2026.01.06	01:11:45.392	156.541	156.542			6
2026.01.06	01:11:48.162	156.544	156.545			6
2026.01.06	01:11:56.756	156.542	156.543			6
2026.01.06	01:11:58.597	156.541	156.542			6
2026.01.06	01:12:00.124	156.541				2
2026.01.06	01:12:00.430	156.542	156.543			6
2026.01.06	01:12:02.275	156.543	156.544			6
2026.01.06	01:12:02.580	156.542	156.543			6
2026.01.06	01:12:04.127	156.539	156.540			6
2026.01.06	01:12:04.431	156.542	156.543			6
2026.01.06	01:12:09.348	156.543	156.544			6
2026.01.06	01:12:11.169	156.545	156.546			6
2026.01.06	01:12:13.017	156.546	156.547			6
2026.01.06	01:12:15.771	156.547	156.548			6
2026.01.06	01:12:16.075	156.546	156.547			6
2026.01.06	01:12:16.376	156.547	156.548			6
2026.01.06	01:12:20.986	156.546	156.547			6
2026.01.06	01:12:21.913	156.547	156.548			6
2026.01.06	01:12:22.529	156.546	156.547			6
2026.01.06	01:12:24.064	156.545	156.546			6
2026.01.06	01:12:24.371	156.544	156.545			6
2026.01.06	01:12:27.146	156.545	156.546			6
2026.01.06	01:12:28.993	156.544	156.545			6
2026.01.06	01:12:29.298	156.543	156.544			6
2026.01.06	01:12:32.068	156.544	156.545			6
2026.01.06	01:12:33.292	156.543	156.544			6
2026.01.06	01:12:34.517	156.541	156.542			6
2026.01.06	01:12:37.277	156.540	156.541			6
2026.01.06	01:12:40.962	156.539	156.540			6
2026.01.06	01:12:41.265	156.540	156.541			6
2026.01.06	01:12:42.192	156.538	156.539			6
2026.01.06	01:12:42.506	156.539	156.540			6
2026.01.06	01:12:44.657	156.540	156.541			6
2026.01.06	01:12:47.115	156.539	156.540			6
2026.01.06	01:12:47.425	156.541	156.542			6
2026.01.06	01:12:52.341	156.540	156.541			6
2026.01.06	01:12:53.260	156.539	156.540			6
2026.01.06	01:12:58.182	156.538	156.539			6
2026.01.06	01:12:58.483	156.539	156.540			6
2026.01.06	01:13:00.015	156.539				2
2026.01.06	01:13:03.399	156.532	156.533			6
2026.01.06	01:13:15.368	156.531	156.532			6
2026.01.06	01:13:21.509	156.530	156.531			6
2026.01.06	01:13:24.284	156.520	156.521			6
2026.01.06	01:13:38.087	156.519	156.520			6
2026.01.06	01:13:51.288	156.520	156.521			6
2026.01.06	01:14:00.203	156.519	156.520			6
2026.01.06	01:14:02.341	156.520	156.521			6
2026.01.06	01:14:07.254	156.518	156.519			6
2026.01.06	01:14:08.787	156.519	156.520			6
2026.01.06	01:14:21.062	156.520	156.521			6
2026.01.06	01:14:22.604	156.521	156.522			6
2026.01.06	01:14:23.216	156.520	156.521			6
2026.01.06	01:14:24.137	156.521	156.522			6
2026.01.06	01:14:24.748	156.520	156.521			6
2026.01.06	01:14:25.055	156.521	156.522			6
2026.01.06	01:14:28.730	156.522	156.523			6
2026.01.06	01:14:29.341	156.521	156.522			6
2026.01.06	01:14:38.547	156.517	156.518			6
2026.01.06	01:14:39.166	156.515	156.516			6
2026.01.06	01:14:39.469	156.517	156.518			6
2026.01.06	01:14:50.188	156.516	156.517			6
2026.01.06	01:14:50.495	156.517	156.518			6
2026.01.06	01:14:53.550	156.518	156.519			6
2026.01.06	01:14:53.858	156.517	156.518			6
2026.01.06	01:14:55.397	156.516	156.517			6
2026.01.06	01:14:55.703	156.517	156.518			6
2026.01.06	01:15:00.303	156.517				2
2026.01.06	01:15:05.842	156.520	156.521			6
2026.01.06	01:15:06.146	156.519	156.520			6
2026.01.06	01:15:06.461	156.518	156.519			6
2026.01.06	01:15:07.385	156.519	156.520			6
2026.01.06	01:15:07.991	156.520	156.521			6
2026.01.06	01:15:09.842	156.523	156.524			6
2026.01.06	01:15:10.755	156.525	156.526			6
2026.01.06	01:15:11.364	156.523	156.524			6
2026.01.06	01:15:12.592	156.524	156.525			6
2026.01.06	01:15:19.638	156.531	156.532			6
2026.01.06	01:15:19.943	156.530	156.531			6
2026.01.06	01:15:20.248	156.531	156.532			6
2026.01.06	01:15:22.407	156.530	156.531			6
2026.01.06	01:15:24.843	156.531	156.532			6
2026.01.06	01:15:25.155	156.532	156.533			6
2026.01.06	01:15:26.684	156.531	156.532			6
2026.01.06	01:15:27.900	156.532	156.533			6
2026.01.06	01:15:30.971	156.531	156.532			6
2026.01.06	01:15:35.557	156.533	156.534			6
2026.01.06	01:15:37.092	156.532	156.533			6
2026.01.06	01:15:39.540	156.536	156.537			6
2026.01.06	01:15:39.844	156.539	156.540			6
2026.01.06	01:15:41.384	156.543	156.544			6
2026.01.06	01:15:49.335	156.532	156.533			6
2026.01.06	01:15:49.952	156.531	156.532			6
2026.01.06	01:15:50.262	156.530	156.531			6
2026.01.06	01:15:50.566	156.531	156.532			6
2026.01.06	01:15:54.250	156.530	156.531			6
2026.01.06	01:15:54.555	156.531	156.532			6
2026.01.06	01:16:00.077	156.531				2
2026.01.06	01:16:00.386	156.525	156.526			6
2026.01.06	01:16:09.866	156.526	156.527			6
2026.01.06	01:16:10.175	156.525	156.526			6
2026.01.06	01:16:15.707	156.524	156.525			6
2026.01.06	01:16:18.777	156.521	156.522			6
2026.01.06	01:16:21.237	156.514	156.515			6
2026.01.06	01:16:22.462	156.515	156.516			6
2026.01.06	01:16:28.291	156.521	156.522			6
2026.01.06	01:16:28.596	156.523	156.524			6
2026.01.06	01:16:28.905	156.522	156.523			6
2026.01.06	01:16:32.277	156.515	156.516			6
2026.01.06	01:16:32.583	156.514	156.515			6
2026.01.06	01:16:33.495	156.515	156.516			6
2026.01.06	01:16:34.721	156.521	156.522			6
2026.01.06	01:16:35.031	156.520	156.521			6
2026.01.06	01:16:42.387	156.521	156.522			6
2026.01.06	01:16:44.235	156.520	156.521			6
2026.01.06	01:16:48.230	156.514	156.515			6
2026.01.06	01:16:49.455	156.515	156.516			6
2026.01.06	01:16:51.900	156.519	156.520			6
2026.01.06	01:16:52.209	156.520	156.521			6
2026.01.06	01:16:53.132	156.515	156.516			6
2026.01.06	01:16:53.437	156.520	156.521			6
2026.01.06	01:16:57.135	156.522	156.523			6
2026.01.06	01:17:00.219	156.522				2
2026.01.06	01:17:01.144	156.524	156.525			6
2026.01.06	01:17:04.203	156.522	156.523			6
2026.01.06	01:17:04.510	156.520	156.521			6
2026.01.06	01:17:04.817	156.519	156.520			6
2026.01.06	01:17:05.127	156.513	156.514			6
2026.01.06	01:17:06.043	156.514	156.515			6
2026.01.06	01:17:10.637	156.519	156.520			6
2026.01.06	01:17:11.248	156.518	156.519			6
2026.01.06	01:17:12.472	156.519	156.520			6
2026.01.06	01:17:14.322	156.514	156.515			6
2026.01.06	01:17:15.550	156.515	156.516			6
2026.01.06	01:17:17.686	156.520	156.521			6
2026.01.06	01:17:20.143	156.515	156.516			6
2026.01.06	01:17:20.445	156.518	156.519			6
2026.01.06	01:17:20.749	156.520	156.521			6
2026.01.06	01:17:25.341	156.516	156.517			6
2026.01.06	01:17:31.166	156.514	156.515			6
2026.01.06	01:17:32.687	156.515	156.516			6
2026.01.06	01:17:36.356	156.516	156.517			6
2026.01.06	01:17:37.284	156.531	156.532			6
2026.01.06	01:17:38.207	156.530	156.531			6
2026.01.06	01:17:38.510	156.531	156.532			6
2026.01.06	01:17:40.365	156.529	156.530			6
2026.01.06	01:17:40.669	156.530	156.531			6
2026.01.06	01:17:41.285	156.528	156.529			6
2026.01.06	01:17:41.595	156.530	156.531			6
2026.01.06	01:17:44.653	156.531	156.532			6
2026.01.06	01:17:46.489	156.530	156.531			6
2026.01.06	01:17:51.089	156.522	156.523			6
2026.01.06	01:17:52.002	156.521	156.522			6
2026.01.06	01:17:53.235	156.522	156.523			6
2026.01.06	01:17:57.220	156.520	156.521			6
2026.01.06	01:18:00.281	156.520				2
2026.01.06	01:18:06.136	156.519	156.520			6
2026.01.06	01:18:06.443	156.518	156.519			6
2026.01.06	01:18:06.752	156.519	156.520			6
2026.01.06	01:18:07.974	156.518	156.519			6
2026.01.06	01:18:13.472	156.517	156.518			6
2026.01.06	01:18:15.005	156.518	156.519			6
2026.01.06	01:18:16.232	156.519	156.520			6
2026.01.06	01:18:16.849	156.516	156.517			6
2026.01.06	01:18:17.155	156.518	156.519			6
2026.01.06	01:18:24.530	156.519	156.520			6
2026.01.06	01:18:24.833	156.520	156.521			6
2026.01.06	01:18:29.149	156.518	156.519			6
2026.01.06	01:18:29.452	156.519	156.520			6
2026.01.06	01:18:29.761	156.518	156.519			6
2026.01.06	01:18:33.102	156.519	156.520			6
2026.01.06	01:18:34.639	156.518	156.519			6
2026.01.06	01:18:35.258	156.519	156.520			6
2026.01.06	01:18:35.565	156.518	156.519			6
2026.01.06	01:18:37.391	156.519	156.520			6
2026.01.06	01:18:40.155	156.517	156.518			6
2026.01.06	01:18:40.458	156.521	156.522			6
2026.01.06	01:18:45.369	156.520	156.521			6
2026.01.06	01:19:00.127	156.520				2
2026.01.06	01:19:04.427	156.519	156.520			6
2026.01.06	01:19:05.353	156.520	156.521			6
2026.01.06	01:19:08.409	156.521	156.522			6
2026.01.06	01:19:12.400	156.522	156.523			6
2026.01.06	01:19:12.714	156.521	156.522			6
2026.01.06	01:19:18.242	156.520	156.521			6
2026.01.06	01:19:21.309	156.521	156.522			6
2026.01.06	01:19:23.150	156.520	156.521			6
2026.01.06	01:19:31.730	156.518	156.519			6
2026.01.06	01:19:32.345	156.519	156.520			6
2026.01.06	01:19:36.932	156.518	156.519			6
2026.01.06	01:19:37.548	156.519	156.520			6
2026.01.06	01:19:38.154	156.518	156.519			6
2026.01.06	01:19:41.207	156.514	156.515			6
2026.01.06	01:19:41.515	156.518	156.519			6
2026.01.06	01:19:41.821	156.517	156.518			6
2026.01.06	01:19:42.124	156.519	156.520			6
2026.01.06	01:19:42.728	156.518	156.519			6
2026.01.06	01:19:44.281	156.519	156.520			6
2026.01.06	01:19:48.880	156.520	156.521			6
2026.01.06	01:19:50.119	156.519	156.520			6
2026.01.06	01:19:50.435	156.520	156.521			6
2026.01.06	01:19:53.484	156.519	156.520			6
2026.01.06	01:20:00.227	156.519				2
2026.01.06	01:20:06.372	156.517	156.518			6
2026.01.06	01:20:06.674	156.514	156.515			6
2026.01.06	01:20:06.982	156.513	156.514			6
2026.01.06	01:20:08.528	156.512	156.513			6
2026.01.06	01:20:09.451	156.511	156.512			6
2026.01.06	01:20:10.057	156.512	156.513			6
2026.01.06	01:20:10.375	156.513	156.514			6
2026.01.06	01:20:11.282	156.512	156.513			6
2026.01.06	01:20:12.514	156.511	156.512			6
2026.01.06	01:20:12.819	156.512	156.513			6
2026.01.06	01:20:18.025	156.511	156.512			6
2026.01.06	01:20:30.303	156.513	156.514			6
2026.01.06	01:20:43.194	156.512	156.513			6
2026.01.06	01:20:45.960	156.514	156.515			6
2026.01.06	01:20:46.267	156.513	156.514			6
2026.01.06	01:20:48.102	156.510	156.513			6
2026.01.06	01:20:48.416		156.512			4
2026.01.06	01:20:48.721	156.512	156.513			6
2026.01.06	01:21:00.047	156.512				2
2026.01.06	01:21:30.384	156.513	156.514			6
2026.01.06	01:21:31.307	156.511	156.512			6
2026.01.06	01:21:34.382	156.512	156.513			6
2026.01.06	01:21:41.107	156.511	156.512			6
2026.01.06	01:21:51.852	156.512	156.513			6
2026.01.06	01:21:56.139	156.511	156.512			6
2026.01.06	01:22:00.118	156.511				2
2026.01.06	01:22:03.165	156.510	156.511			6
2026.01.06	01:22:21.863	156.511	156.512			6
2026.01.06	01:22:22.173	156.513	156.514			6
2026.01.06	01:22:22.480	156.511	156.512			6
2026.01.06	01:22:28.601	156.510	156.511			6
2026.01.06	01:22:37.206	156.511	156.512			6
2026.01.06	01:22:37.511	156.512	156.513			6
2026.01.06	01:22:37.834	156.511	156.512			6
2026.01.06	01:22:40.289	156.512	156.513			6
2026.01.06	01:22:44.245	156.516	156.517			6
2026.01.06	01:22:45.167	156.514	156.515			6
2026.01.06	01:22:48.234	156.513	156.514			6
2026.01.06	01:22:48.542	156.512	156.513			6
2026.01.06	01:23:00.225	156.512				2
2026.01.06	01:23:01.136	156.515	156.516			6
2026.01.06	01:23:01.446	156.514	156.515			6
2026.01.06	01:23:02.365	156.515	156.516			6
2026.01.06	01:23:03.280	156.516	156.517			6
2026.01.06	01:23:03.591	156.517	156.518			6
2026.01.06	01:23:03.905	156.516	156.517			6
2026.01.06	01:23:05.132	156.517	156.518			6
2026.01.06	01:23:08.186	156.519	156.520			6
2026.01.06	01:23:08.494	156.521	156.522			6
2026.01.06	01:23:08.804	156.520	156.521			6
2026.01.06	01:23:09.717	156.519	156.520			6
2026.01.06	01:23:10.023	156.521	156.522			6
2026.01.06	01:23:10.327	156.520	156.521			6
2026.01.06	01:23:14.309	156.521	156.522			6
2026.01.06	01:23:15.217	156.520	156.521			6
2026.01.06	01:23:29.039	156.521	156.522			6
2026.01.06	01:23:30.255	156.519	156.520			6
2026.01.06	01:23:31.172	156.520	156.521			6
2026.01.06	01:23:31.477	156.521	156.522			6
2026.01.06	01:23:32.402	156.519	156.520			6
2026.01.06	01:24:00.031	156.519				2
2026.01.06	01:24:00.337	156.520	156.521			6
2026.01.06	01:24:00.642	156.519	156.520			6
2026.01.06	01:24:04.023	156.521	156.522			6
2026.01.06	01:24:04.330	156.520	156.521			6
2026.01.06	01:24:08.319	156.519	156.520			6
2026.01.06	01:24:10.466	156.520	156.521			6
2026.01.06	01:24:13.237	156.521	156.522			6
2026.01.06	01:24:35.292	156.520	156.521			6
2026.01.06	01:24:37.433	156.519	156.520			6
2026.01.06	01:24:38.353	156.521	156.522			6
2026.01.06	01:24:42.365	156.520	156.521			6
2026.01.06	01:24:42.973	156.522	156.523			6
2026.01.06	01:24:58.011	156.535	156.536			6
2026.01.06	01:24:58.318	156.542	156.543			6
2026.01.06	01:24:59.545	156.541	156.542			6
2026.01.06	01:25:00.158	156.541				2
2026.01.06	01:25:01.387	156.543	156.544			6
2026.01.06	01:25:02.310	156.542	156.543			6
2026.01.06	01:25:02.918	156.541	156.542			6
2026.01.06	01:25:06.276	156.542	156.543			6
2026.01.06	01:25:06.885	156.544	156.545			6
2026.01.06	01:25:08.130	156.543	156.544			6
2026.01.06	01:25:10.283	156.545	156.546			6
2026.01.06	01:25:12.746	156.543	156.544			6
2026.01.06	01:25:13.353	156.542	156.543			6
2026.01.06	01:25:13.657	156.543	156.544			6
2026.01.06	01:25:13.965	156.541	156.542			6
2026.01.06	01:25:14.891	156.542	156.543			6
2026.01.06	01:25:15.195	156.541	156.542			6
2026.01.06	01:25:15.503	156.542	156.543			6
2026.01.06	01:25:15.807	156.541	156.542			6
2026.01.06	01:25:16.427	156.542	156.543			6
2026.01.06	01:25:16.730	156.541	156.542			6
2026.01.06	01:25:17.038	156.542	156.543			6
2026.01.06	01:25:23.472	156.543	156.544			6
2026.01.06	01:25:27.145	156.542	156.543			6
2026.01.06	01:25:29.306	156.543	156.544			6
2026.01.06	01:25:33.295	156.541	156.542			6
2026.01.06	01:25:39.759	156.542	156.543			6
2026.01.06	01:25:44.668	156.543	156.544			6
2026.01.06	01:25:48.343	156.535	156.536			6
2026.01.06	01:25:57.366	156.536	156.537			6
2026.01.06	01:25:59.524	156.535	156.536			6
2026.01.06	01:26:00.130	156.535				2
2026.01.06	01:26:01.667	156.536	156.537			6
2026.01.06	01:26:01.980	156.535	156.536			6
2026.01.06	01:26:11.776	156.531	156.532			6
2026.01.06	01:26:21.611	156.532	156.533			6
2026.01.06	01:26:21.922	156.531	156.532			6
2026.01.06	01:26:22.227	156.530	156.531			6
2026.01.06	01:26:24.073	156.531	156.532			6
2026.01.06	01:26:26.518	156.530	156.531			6
2026.01.06	01:26:28.347	156.531	156.532			6
2026.01.06	01:26:28.960	156.532	156.533			6
2026.01.06	01:26:29.275	156.531	156.532			6
2026.01.06	01:26:36.962	156.532	156.533			6
2026.01.06	01:26:39.417	156.538	156.539			6
2026.01.06	01:26:42.180	156.541	156.542			6
2026.01.06	01:26:42.792	156.542	156.543			6
2026.01.06	01:26:43.714	156.543	156.544			6
2026.01.06	01:26:45.862	156.544	156.545			6
2026.01.06	01:26:46.478	156.543	156.544			6
2026.01.06	01:26:46.793	156.544	156.545			6
2026.01.06	01:26:47.100	156.543	156.544			6
2026.01.06	01:26:47.717	156.544	156.545			6
2026.01.06	01:26:50.776	156.543	156.544			6
2026.01.06	01:26:51.084	156.544	156.545			6
2026.01.06	01:26:51.392	156.543	156.544			6
2026.01.06	01:26:52.616	156.544	156.545			6
2026.01.06	01:26:53.233	156.543	156.544			6
2026.01.06	01:26:55.685	156.544	156.545			6
2026.01.06	01:26:55.994	156.543	156.544			6
2026.01.06	01:26:56.611	156.544	156.545			6
2026.01.06	01:26:56.912	156.543	156.544			6
2026.01.06	01:26:57.215	156.544	156.545			6
2026.01.06	01:26:57.517	156.543	156.544			6
2026.01.06	01:26:58.140	156.544	156.545			6
2026.01.06	01:26:59.052	156.543	156.544			6
2026.01.06	01:26:59.364	156.544	156.545			6
2026.01.06	01:26:59.974	156.543	156.544			6
2026.01.06	01:27:00.281	156.543				2
2026.01.06	01:27:00.584	156.544	156.545			6
2026.01.06	01:27:02.121	156.542	156.543			6
2026.01.06	01:27:02.428	156.543	156.544			6
2026.01.06	01:27:03.343	156.544	156.545			6
2026.01.06	01:27:08.250	156.543	156.544			6
2026.01.06	01:27:09.472	156.544	156.545			6
2026.01.06	01:27:13.748	156.543	156.544			6
2026.01.06	01:27:18.037	156.544	156.545			6
2026.01.06	01:27:19.581	156.545	156.546			6
2026.01.06	01:27:20.497	156.541	156.542			6
2026.01.06	01:27:22.336	156.534	156.535			6
2026.01.06	01:27:39.828	156.533	156.534			6
2026.01.06	01:27:44.723	156.534	156.535			6
2026.01.06	01:28:00.001	156.534				2
2026.01.06	01:28:19.596	156.535	156.536			6
2026.01.06	01:28:32.777	156.534	156.535			6
2026.01.06	01:28:42.899	156.535	156.536			6
2026.01.06	01:28:49.032	156.543	156.544			6
2026.01.06	01:28:49.342	156.545	156.546			6
2026.01.06	01:28:50.565	156.544	156.545			6
2026.01.06	01:28:55.456	156.545	156.546			6
2026.01.06	01:28:56.375	156.544	156.545			6
2026.01.06	01:28:56.681	156.545	156.546			6
2026.01.06	01:29:00.055	156.545				2
2026.01.06	01:29:01.279	156.544	156.545			6
2026.01.06	01:29:02.506	156.543	156.544			6
2026.01.06	01:29:04.958	156.544	156.545			6
2026.01.06	01:29:07.719	156.543	156.544			6
2026.01.06	01:29:09.562	156.544	156.545			6
2026.01.06	01:29:22.157	156.543	156.544			6
2026.01.06	01:29:25.820	156.544	156.545			6
2026.01.06	01:29:30.721	156.545	156.546			6
2026.01.06	01:29:34.703	156.544	156.545			6
2026.01.06	01:29:46.028	156.543	156.544			6
2026.01.06	01:29:48.784	156.548	156.549			6
2026.01.06	01:29:49.089	156.547	156.548			6
2026.01.06	01:29:49.393	156.546	156.547			6
2026.01.06	01:29:51.530	156.547	156.548			6
2026.01.06	01:29:55.213	156.549	156.550			6
2026.01.06	01:30:00.131	156.549				2
2026.01.06	01:30:13.297	156.548	156.549			6
2026.01.06	01:30:13.607	156.549	156.550			6
2026.01.06	01:30:15.454	156.548	156.549			6
2026.01.06	01:30:37.548	156.547	156.548			6
2026.01.06	01:30:37.854	156.548	156.549			6
2026.01.06	01:30:40.621	156.549	156.550			6
2026.01.06	01:30:47.063	156.548	156.549			6
2026.01.06	01:30:47.370	156.549	156.550			6
2026.01.06	01:30:51.053	156.548	156.549			6
2026.01.06	01:30:53.186	156.549	156.550			6
2026.01.06	01:31:00.235	156.549				2
2026.01.06	01:31:02.693	156.548	156.549			6
2026.01.06	01:31:03.000	156.549	156.550			6
2026.01.06	01:31:03.310	156.548	156.549			6
2026.01.06	01:31:04.839	156.547	156.548			6
2026.01.06	01:31:20.471	156.546	156.547			6
2026.01.06	01:31:21.687	156.547	156.548			6
2026.01.06	01:31:31.150	156.546	156.547			6
2026.01.06	01:31:38.820	156.547	156.548			6
2026.01.06	01:31:51.992	156.546	156.547			6
2026.01.06	01:31:56.273	156.547	156.548			6
2026.01.06	01:32:00.257	156.547				2
2026.01.06	01:32:05.513	156.546	156.547			6
2026.01.06	01:32:08.575	156.535	156.536			6
2026.01.06	01:32:08.881	156.533	156.534			6
2026.01.06	01:32:12.257	156.535	156.536			6
2026.01.06	01:32:13.174	156.534	156.535			6
2026.01.06	01:32:13.780	156.535	156.536			6
2026.01.06	01:32:14.392	156.534	156.535			6
2026.01.06	01:32:15.308	156.535	156.536			6
2026.01.06	01:32:18.352	156.534	156.535			6
2026.01.06	01:32:18.960	156.533	156.534			6
2026.01.06	01:32:24.153	156.532	156.533			6
2026.01.06	01:32:25.695	156.533	156.534			6
2026.01.06	01:32:35.535	156.536	156.537			6
2026.01.06	01:32:35.846	156.537	156.538			6
2026.01.06	01:32:36.761	156.536	156.537			6
2026.01.06	01:32:37.065	156.535	156.536			6
2026.01.06	01:32:46.886	156.544	156.545			6
2026.01.06	01:32:47.192	156.546	156.547			6
2026.01.06	01:32:49.960	156.545	156.546			6
2026.01.06	01:32:55.205	156.547	156.548			6
2026.01.06	01:32:56.735	156.546	156.547			6
2026.01.06	01:33:00.122	156.546				2
2026.01.06	01:33:41.566	156.545	156.546			6
2026.01.06	01:33:46.161	156.534	156.535			6
2026.01.06	01:34:00.261	156.534				2
2026.01.06	01:34:01.175	156.536	156.537			6
2026.01.06	01:34:14.932	156.542	156.543			6
2026.01.06	01:34:15.851	156.543	156.544			6
2026.01.06	01:34:16.158	156.544	156.545			6
2026.01.06	01:34:16.460	156.543	156.544			6
2026.01.06	01:34:17.072	156.544	156.545			6
2026.01.06	01:34:17.380	156.543	156.544			6
2026.01.06	01:34:17.689	156.544	156.545			6
2026.01.06	01:34:18.292	156.546	156.547			6
2026.01.06	01:34:18.595	156.545	156.546			6
2026.01.06	01:34:31.781	156.544	156.545			6
2026.01.06	01:34:39.157	156.539	156.540			6
2026.01.06	01:34:39.459	156.537	156.538			6
2026.01.06	01:34:48.347	156.538	156.539			6
2026.01.06	01:34:49.269	156.539	156.540			6
2026.01.06	01:34:50.188	156.541	156.542			6
2026.01.06	01:34:50.492	156.542	156.543			6
2026.01.06	01:34:55.717	156.541	156.542			6
2026.01.06	01:34:56.027	156.542	156.543			6
2026.01.06	01:34:57.256	156.545	156.546			6
2026.01.06	01:35:00.017	156.545				2
2026.01.06	01:35:10.436	156.543	156.544			6
2026.01.06	01:35:17.199	156.542	156.543			6
2026.01.06	01:35:19.966	156.544	156.545			6
2026.01.06	01:35:22.417	156.543	156.544			6
2026.01.06	01:35:28.240	156.542	156.543			6
2026.01.06	01:35:31.297	156.543	156.544			6
2026.01.06	01:35:35.600	156.542	156.543			6
2026.01.06	01:35:35.903	156.543	156.544			6
2026.01.06	01:35:38.353	156.545	156.546			6
2026.01.06	01:35:38.662	156.546	156.547			6
2026.01.06	01:35:55.810	156.545	156.546			6
2026.01.06	01:36:00.112	156.545				2
2026.01.06	01:36:05.931	156.546	156.547			6
2026.01.06	01:36:14.201	156.545	156.546			6
2026.01.06	01:36:29.212	156.546	156.547			6
2026.01.06	01:36:35.984	156.545	156.546			6
2026.01.06	01:36:39.969	156.548	156.549			6
2026.01.06	01:36:47.930	156.547	156.548			6
2026.01.06	01:36:51.007	156.546	156.547			6
2026.01.06	01:36:53.152	156.547	156.548			6
2026.01.06	01:37:00.198	156.547				2
2026.01.06	01:37:02.024	156.545	156.546			6
2026.01.06	01:37:02.335	156.547	156.548			6
2026.01.06	01:37:03.256	156.546	156.547			6
2026.01.06	01:37:03.567	156.547	156.548			6
2026.01.06	01:37:05.699	156.552	156.553			6
2026.01.06	01:37:08.455	156.551	156.552			6
2026.01.06	01:37:08.760	156.552	156.553			6
2026.01.06	01:37:10.295	156.548	156.549			6
2026.01.06	01:37:23.440	156.547	156.548			6
2026.01.06	01:37:25.283	156.546	156.547			6
2026.01.06	01:37:26.515	156.547	156.548			6
2026.01.06	01:37:48.269	156.546	156.547			6
2026.01.06	01:37:51.017	156.545	156.546			6
2026.01.06	01:37:52.868	156.546	156.547			6
2026.01.06	01:38:00.226	156.546				2
2026.01.06	01:38:13.154	156.547	156.548			6
2026.01.06	01:38:22.615	156.545	156.546			6
2026.01.06	01:38:35.509	156.544	156.545			6
2026.01.06	01:38:37.657	156.546	156.547			6
2026.01.06	01:38:40.107	156.542	156.543			6
2026.01.06	01:38:45.614	156.540	156.541			6
2026.01.06	01:38:45.915	156.542	156.543			6
2026.01.06	01:38:52.366	156.540	156.541			6
2026.01.06	01:38:52.675	156.541	156.542			6
2026.01.06	01:38:53.587	156.540	156.541			6
2026.01.06	01:38:53.892	156.541	156.542			6
2026.01.06	01:38:54.505	156.540	156.541			6
2026.01.06	01:38:56.650	156.541	156.542			6
2026.01.06	01:38:58.195	156.540	156.541			6
2026.01.06	01:38:59.111	156.541	156.542			6
2026.01.06	01:39:00.031	156.540	156.541			6
2026.01.06	01:39:04.919	156.541	156.542			6
2026.01.06	01:39:27.005	156.543	156.544			6
2026.01.06	01:39:28.535	156.542	156.543			6
2026.01.06	01:39:33.125	156.543	156.544			6
2026.01.06	01:39:34.953	156.542	156.543			6
2026.01.06	01:39:48.124	156.541	156.542			6
2026.01.06	01:39:49.351	156.543	156.544			6
2026.01.06	01:40:00.066	156.543				2
2026.01.06	01:40:02.216	156.542	156.543			6
2026.01.06	01:40:05.302	156.544	156.545			6
2026.01.06	01:40:13.600	156.542	156.543			6
2026.01.06	01:40:21.571	156.551	156.552			6
2026.01.06	01:40:21.878	156.543	156.544			6
2026.01.06	01:40:22.489	156.544	156.545			6
2026.01.06	01:40:36.306	156.543	156.544			6
2026.01.06	01:40:41.214	156.540	156.541			6
2026.01.06	01:40:45.506	156.539	156.540			6
2026.01.06	01:40:49.190	156.544	156.545			6
2026.01.06	01:40:49.492	156.543	156.544			6
2026.01.06	01:40:50.110	156.546	156.547			6
2026.01.06	01:40:50.722	156.545	156.546			6
2026.01.06	01:40:55.316	156.543	156.544			6
2026.01.06	01:40:55.934	156.544	156.545			6
2026.01.06	01:41:00.221	156.544				2
2026.01.06	01:41:12.775	156.543	156.544			6
2026.01.06	01:41:21.077	156.544	156.545			6
2026.01.06	01:41:23.552	156.543	156.544			6
2026.01.06	01:41:25.995	156.544	156.545			6
2026.01.06	01:41:34.873	156.543	156.544			6
2026.01.06	01:41:35.489	156.544	156.545			6
2026.01.06	01:41:45.636	156.543	156.544			6
2026.01.06	01:42:00.090	156.543				2
2026.01.06	01:42:00.399	156.544	156.545			6
2026.01.06	01:42:06.223	156.543	156.544			6
2026.01.06	01:42:13.288	156.544	156.545			6
2026.01.06	01:42:37.506	156.554	156.555			6
2026.01.06	01:42:37.814	156.555	156.556			6
2026.01.06	01:42:38.125	156.557	156.558			6
2026.01.06	01:42:44.562	156.558	156.559			6
2026.01.06	01:42:45.184	156.560	156.561			6
2026.01.06	01:42:45.800	156.563	156.564			6
2026.01.06	01:42:46.712	156.562	156.563			6
2026.01.06	01:42:47.327	156.569	156.570			6
2026.01.06	01:42:50.084	156.568	156.569			6
2026.01.06	01:42:56.222	156.570	156.571			6
2026.01.06	01:42:57.146	156.571	156.572			6
2026.01.06	01:43:00.209	156.571				2
2026.01.06	01:43:09.687	156.570	156.571			6
2026.01.06	01:43:23.192	156.571	156.572			6
2026.01.06	01:43:26.870	156.570	156.571			6
2026.01.06	01:43:34.855	156.571	156.572			6
2026.01.06	01:43:41.895	156.570	156.571			6
2026.01.06	01:43:42.203	156.571	156.572			6
2026.01.06	01:43:44.035	156.570	156.571			6
2026.01.06	01:43:46.485	156.571	156.572			6
2026.01.06	01:43:47.101	156.572	156.573			6
2026.01.06	01:44:00.260	156.572				2
2026.01.06	01:44:07.289	156.584	156.585			6
2026.01.06	01:44:11.895	156.583	156.584			6
2026.01.06	01:44:12.806	156.584	156.585			6
2026.01.06	01:44:14.360	156.588	156.589			6
2026.01.06	01:44:14.670	156.589	156.590			6
2026.01.06	01:44:16.209	156.590	156.591			6
2026.01.06	01:44:18.052	156.589	156.590			6
2026.01.06	01:44:18.662	156.592	156.593			6
2026.01.06	01:44:28.760	156.593	156.594			6
2026.01.06	01:44:40.701	156.594	156.595			6
2026.01.06	01:44:44.985	156.595	156.596			6
2026.01.06	01:44:45.290	156.594	156.595			6
2026.01.06	01:44:49.573	156.583	156.584			6
2026.01.06	01:44:49.879	156.582	156.583			6
2026.01.06	01:44:50.183	156.580	156.581			6
2026.01.06	01:44:52.050	156.582	156.583			6
2026.01.06	01:44:53.297	156.580	156.581			6
2026.01.06	01:45:00.178	156.580				2
2026.01.06	01:45:01.425	156.583	156.584			6
2026.01.06	01:45:04.552	156.582	156.583			6
2026.01.06	01:45:05.174	156.583	156.584			6
2026.01.06	01:45:05.480	156.585	156.586			6
2026.01.06	01:45:06.422	156.586	156.587			6
2026.01.06	01:45:07.036	156.583	156.584			6
2026.01.06	01:45:07.657	156.584	156.585			6
2026.01.06	01:45:07.959	156.585	156.586			6
2026.01.06	01:45:09.202	156.583	156.584			6
2026.01.06	01:45:14.478	156.582	156.583			6
2026.01.06	01:45:18.204	156.580	156.581			6
2026.01.06	01:45:18.512	156.579	156.580			6
2026.01.06	01:45:18.827	156.580	156.581			6
2026.01.06	01:45:19.770	156.581	156.582			6
2026.01.06	01:45:26.867	156.579	156.580			6
2026.01.06	01:45:30.266	156.581	156.582			6
2026.01.06	01:45:35.235	156.582	156.583			6
2026.01.06	01:45:46.889	156.581	156.582			6
2026.01.06	01:45:49.024	156.582	156.583			6
2026.01.06	01:45:53.306	156.584	156.585			6
2026.01.06	01:45:55.757	156.592	156.593			6
2026.01.06	01:45:58.212	156.593	156.594			6
2026.01.06	01:46:00.059	156.593				2
2026.01.06	01:46:02.200	156.594	156.595			6
2026.01.06	01:46:02.504	156.595	156.596			6
2026.01.06	01:46:02.812	156.594	156.595			6
2026.01.06	01:46:03.127	156.595	156.596			6
2026.01.06	01:46:03.741	156.598	156.599			6
2026.01.06	01:46:19.110	156.599	156.600			6
2026.01.06	01:46:20.334	156.603	156.604			6
2026.01.06	01:46:21.266	156.597	156.598			6
2026.01.06	01:46:21.570	156.596	156.597			6
2026.01.06	01:46:21.874	156.597	156.598			6
2026.01.06	01:46:22.181	156.596	156.597			6
2026.01.06	01:46:22.801	156.594	156.595			6
2026.01.06	01:46:23.109	156.592	156.593			6
2026.01.06	01:46:23.418	156.589	156.590			6
2026.01.06	01:46:24.667	156.590	156.591			6
2026.01.06	01:46:25.595	156.591	156.592			6
2026.01.06	01:46:25.900	156.590	156.591			6
2026.01.06	01:46:27.455	156.591	156.592			6
2026.01.06	01:46:28.705	156.588	156.589			6
2026.01.06	01:46:29.007	156.587	156.588			6
2026.01.06	01:46:31.500	156.588	156.589			6
2026.01.06	01:46:32.118	156.591	156.592			6
2026.01.06	01:46:37.982	156.592	156.593			6
2026.01.06	01:46:38.296	156.591	156.592			6
2026.01.06	01:46:41.691	156.592	156.593			6
2026.01.06	01:46:44.491	156.591	156.592			6
2026.01.06	01:46:49.730	156.593	156.594			6
2026.01.06	01:46:50.350	156.594	156.595			6
2026.01.06	01:46:53.443	156.593	156.594			6
2026.01.06	01:46:59.326	156.594	156.595			6
2026.01.06	01:46:59.644	156.595	156.596			6
2026.01.06	01:46:59.946	156.594	156.595			6
2026.01.06	01:47:00.270	156.594				2
2026.01.06	01:47:00.581	156.595	156.596			6
2026.01.06	01:47:03.352	156.594	156.595			6
2026.01.06	01:47:07.354	156.595	156.596			6
2026.01.06	01:47:08.888	156.596	156.597			6
2026.01.06	01:47:11.954	156.595	156.596			6
2026.01.06	01:47:12.260	156.596	156.597			6
2026.01.06	01:47:13.169	156.595	156.596			6
2026.01.06	01:47:15.629	156.596	156.597			6
2026.01.06	01:47:16.243	156.597	156.598			6
2026.01.06	01:47:19.629	156.596	156.597			6
2026.01.06	01:47:19.942	156.597	156.598			6
2026.01.06	01:47:20.865	156.596	156.597			6
2026.01.06	01:47:23.630	156.597	156.598			6
2026.01.06	01:47:23.936	156.596	156.597			6
2026.01.06	01:47:25.159	156.595	156.596			6
2026.01.06	01:47:26.087	156.593	156.594			6
2026.01.06	01:47:27.312	156.594	156.595			6
2026.01.06	01:47:27.619	156.595	156.596			6
2026.01.06	01:47:28.539	156.594	156.595			6
2026.01.06	01:47:28.855	156.595	156.596			6
2026.01.06	01:47:29.161	156.596	156.597			6
2026.01.06	01:47:29.467	156.595	156.596			6
2026.01.06	01:47:30.381	156.596	156.597			6
2026.01.06	01:47:32.211	156.595	156.596			6
2026.01.06	01:47:36.194	156.596	156.597			6
2026.01.06	01:47:36.503	156.595	156.596			6
2026.01.06	01:47:37.427	156.594	156.595			6
2026.01.06	01:47:40.193	156.595	156.596			6
2026.01.06	01:47:42.655	156.594	156.595			6
2026.01.06	01:47:56.444	156.595	156.596			6
2026.01.06	01:47:57.666	156.596	156.597			6
2026.01.06	01:47:58.279	156.593	156.594			6
2026.01.06	01:47:58.593	156.595	156.596			6
2026.01.06	01:47:59.830	156.594	156.595			6
2026.01.06	01:48:00.138	156.594				2
2026.01.06	01:48:12.716	156.596	156.597			6
2026.01.06	01:48:13.945	156.595	156.596			6
2026.01.06	01:48:20.359	156.596	156.597			6
2026.01.06	01:48:22.193	156.595	156.596			6
2026.01.06	01:48:22.497	156.596	156.597			6
2026.01.06	01:48:27.384	156.597	156.598			6
2026.01.06	01:48:29.215	156.596	156.597			6
2026.01.06	01:48:29.517	156.597	156.598			6
2026.01.06	01:48:30.134	156.594	156.595			6
2026.01.06	01:48:36.260	156.595	156.596			6
2026.01.06	01:48:39.922	156.594	156.595			6
2026.01.06	01:48:42.981	156.593	156.594			6
2026.01.06	01:48:45.430	156.595	156.596			6
2026.01.06	01:49:00.163	156.595				2
2026.01.06	01:49:02.014	156.594	156.595			6
2026.01.06	01:49:02.317	156.595	156.596			6
2026.01.06	01:49:10.596	156.596	156.597			6
2026.01.06	01:49:11.210	156.597	156.598			6
2026.01.06	01:49:11.824	156.596	156.597			6
2026.01.06	01:49:14.285	156.606	156.607			6
2026.01.06	01:49:14.591	156.607	156.608			6
2026.01.06	01:49:22.842	156.606	156.607			6
2026.01.06	01:49:24.693	156.604	156.605			6
2026.01.06	01:49:25.608	156.606	156.607			6
2026.01.06	01:49:26.836	156.607	156.608			6
2026.01.06	01:49:38.199	156.605	156.606			6
2026.01.06	01:49:38.506	156.607	156.608			6
2026.01.06	01:49:43.400	156.616	156.617			6
2026.01.06	01:49:43.703	156.617	156.618			6
2026.01.06	01:49:44.615	156.619	156.620			6
2026.01.06	01:49:47.997	156.620	156.621			6
2026.01.06	01:49:51.046	156.618	156.619			6
2026.01.06	01:49:51.354	156.620	156.621			6
2026.01.06	01:49:51.659	156.617	156.618			6
2026.01.06	01:49:52.882	156.615	156.616			6
2026.01.06	01:49:54.119	156.613	156.614			6
2026.01.06	01:49:56.254	156.612	156.613			6
2026.01.06	01:49:57.493	156.614	156.615			6
2026.01.06	01:50:00.246	156.613	156.614			6
2026.01.06	01:50:02.076		156.616			4
2026.01.06	01:50:02.391	156.616	156.617			6
2026.01.06	01:50:06.726	156.617	156.618			6
2026.01.06	01:50:12.579	156.615	156.616			6
2026.01.06	01:50:13.799	156.616	156.617			6
2026.01.06	01:50:18.709	156.617	156.618			6
2026.01.06	01:50:19.328	156.618	156.619			6
2026.01.06	01:50:25.155	156.617	156.618			6
2026.01.06	01:50:28.838	156.619	156.620			6
2026.01.06	01:50:30.358	156.620	156.621			6
2026.01.06	01:50:30.970	156.619	156.620			6
2026.01.06	01:50:31.276	156.620	156.621			6
2026.01.06	01:50:43.847	156.619	156.620			6
2026.01.06	01:50:47.519	156.618	156.619			6
2026.01.06	01:51:00.125	156.618				2
2026.01.06	01:51:00.431	156.619	156.620			6
2026.01.06	01:51:01.346	156.625	156.626			6
2026.01.06	01:51:01.654	156.627	156.628			6
2026.01.06	01:51:02.257	156.628	156.629			6
2026.01.06	01:51:03.185	156.627	156.628			6
2026.01.06	01:51:03.490	156.626	156.627			6
2026.01.06	01:51:04.107	156.627	156.628			6
2026.01.06	01:51:05.332	156.632	156.633			6
2026.01.06	01:51:09.934	156.631	156.632			6
2026.01.06	01:51:10.545	156.632	156.633			6
2026.01.06	01:51:11.776	156.631	156.632			6
2026.01.06	01:51:13.313	156.632	156.633			6
2026.01.06	01:51:13.620	156.631	156.632			6
2026.01.06	01:51:14.544	156.633	156.634			6
2026.01.06	01:51:14.855	156.632	156.633			6
2026.01.06	01:51:15.463	156.633	156.634			6
2026.01.06	01:51:15.767	156.635	156.636			6
2026.01.06	01:51:16.073	156.633	156.634			6
2026.01.06	01:51:20.663	156.632	156.633			6
2026.01.06	01:51:27.406	156.635	156.636			6
2026.01.06	01:51:28.021	156.636	156.637			6
2026.01.06	01:51:32.926	156.635	156.636			6
2026.01.06	01:51:42.716	156.634	156.635			6
2026.01.06	01:51:43.321	156.637	156.638			6
2026.01.06	01:51:44.560	156.636	156.637			6
2026.01.06	01:51:44.865	156.637	156.638			6
2026.01.06	01:51:51.306	156.636	156.637			6
2026.01.06	01:51:54.361	156.637	156.638			6
2026.01.06	01:51:55.897	156.641	156.642			6
2026.01.06	01:51:57.415	156.642	156.643			6
2026.01.06	01:51:58.942	156.643	156.644			6
2026.01.06	01:52:00.167	156.642	156.643			6
2026.01.06	01:52:00.779	156.643	156.644			6
2026.01.06	01:52:02.010	156.642	156.643			6
2026.01.06	01:52:02.942	156.641	156.642			6
2026.01.06	01:52:03.243	156.642	156.643			6
2026.01.06	01:52:04.778	156.641	156.642			6
2026.01.06	01:52:06.926	156.640	156.641			6
2026.01.06	01:52:10.290	156.641	156.642			6
2026.01.06	01:52:13.050	156.640	156.641			6
2026.01.06	01:52:15.491	156.639	156.640			6
2026.01.06	01:52:16.105	156.632	156.633			6
2026.01.06	01:52:16.718	156.631	156.632			6
2026.01.06	01:52:19.169	156.639	156.640			6
2026.01.06	01:52:19.475	156.640	156.641			6
2026.01.06	01:52:20.386	156.639	156.640			6
2026.01.06	01:52:22.271	156.637	156.638			6
2026.01.06	01:52:24.118	156.636	156.637			6
2026.01.06	01:52:24.436	156.637	156.638			6
2026.01.06	01:52:24.739	156.632	156.633			6
2026.01.06	01:52:26.292	156.630	156.632			6
2026.01.06	01:52:26.911	156.631	156.633			6
2026.01.06	01:52:28.167	156.632				2
2026.01.06	01:52:30.624	156.633	156.634			6
2026.01.06	01:52:31.865	156.626	156.627			6
2026.01.06	01:52:32.189	156.625	156.626			6
2026.01.06	01:52:33.127	156.626	156.628			6
2026.01.06	01:52:33.434	156.629	156.631			6
2026.01.06	01:52:34.053	156.628	156.630			6
2026.01.06	01:52:36.224	156.626	156.628			6
2026.01.06	01:52:39.285	156.627	156.629			6
2026.01.06	01:52:40.549	156.628	156.630			6
2026.01.06	01:52:47.028	156.627	156.629			6
2026.01.06	01:52:50.162	156.626	156.628			6
2026.01.06	01:52:51.080	156.625	156.627			6
2026.01.06	01:52:51.701	156.626	156.628			6
2026.01.06	01:52:55.097	156.625	156.627			6
2026.01.06	01:52:55.403	156.626	156.628			6
2026.01.06	01:52:56.022	156.625	156.627			6
2026.01.06	01:52:58.515	156.627	156.629			6
2026.01.06	01:53:00.064	156.627				2
2026.01.06	01:53:01.943	156.626	156.628			6
2026.01.06	01:53:05.381		156.627			4
2026.01.06	01:53:05.699	156.627	156.628			6
2026.01.06	01:53:15.054	156.628	156.629			6
2026.01.06	01:53:15.359	156.627	156.628			6
2026.01.06	01:53:15.992	156.630	156.631			6
2026.01.06	01:53:16.296	156.631	156.632			6
2026.01.06	01:53:16.600	156.630	156.631			6
2026.01.06	01:53:27.125	156.628	156.629			6
2026.01.06	01:53:38.571	156.630	156.631			6
2026.01.06	01:53:38.872	156.629	156.630			6
2026.01.06	01:53:41.393	156.630	156.631			6
2026.01.06	01:53:43.844	156.629	156.630			6
2026.01.06	01:53:45.685	156.630	156.631			6
2026.01.06	01:53:52.116	156.628	156.629			6
2026.01.06	01:53:58.248	156.629	156.630			6
2026.01.06	01:53:59.779	156.631	156.632			6
2026.01.06	01:54:00.084	156.631				2
2026.01.06	01:54:01.619	156.630	156.631			6
2026.01.06	01:54:02.852	156.631	156.632			6
2026.01.06	01:54:04.078	156.630	156.631			6
2026.01.06	01:54:06.226	156.631	156.632			6
2026.01.06	01:54:11.129	156.630	156.631			6
2026.01.06	01:54:13.570	156.631	156.632			6
2026.01.06	01:54:13.875	156.630	156.631			6
2026.01.06	01:54:20.335	156.628	156.629			6
2026.01.06	01:54:21.255	156.629	156.630			6
2026.01.06	01:54:22.172	156.628	156.629			6
2026.01.06	01:54:24.005	156.629	156.630			6
2026.01.06	01:54:25.830	156.630	156.631			6
2026.01.06	01:54:27.365	156.629	156.630			6
2026.01.06	01:54:31.968	156.628	156.629			6
2026.01.06	01:54:32.275	156.629	156.630			6
2026.01.06	01:54:33.194	156.628	156.629			6
2026.01.06	01:54:36.260	156.629	156.630			6
2026.01.06	01:54:38.710	156.630	156.631			6
2026.01.06	01:54:39.324	156.629	156.630			6
2026.01.06	01:54:39.946	156.630	156.631			6
2026.01.06	01:54:41.464	156.631	156.632			6
2026.01.06	01:54:42.686	156.630	156.631			6
2026.01.06	01:54:45.747	156.629	156.630			6
2026.01.06	01:54:51.266	156.630	156.631			6
2026.01.06	01:54:56.188	156.631	156.632			6
2026.01.06	01:54:59.260	156.630	156.631			6
2026.01.06	01:55:00.186	156.630				2
2026.01.06	01:55:02.030	156.629	156.630			6
2026.01.06	01:55:03.254	156.630	156.631			6
2026.01.06	01:55:07.543	156.631	156.632			6
2026.01.06	01:55:07.847	156.630	156.631			6
2026.01.06	01:55:09.082	156.638	156.639			6
2026.01.06	01:55:09.389	156.637	156.638			6
2026.01.06	01:55:09.699	156.640	156.641			6
2026.01.06	01:55:15.197	156.639	156.640			6
2026.01.06	01:55:19.798	156.640	156.641			6
2026.01.06	01:55:23.184	156.639	156.640			6
2026.01.06	01:55:23.486	156.638	156.639			6
2026.01.06	01:55:24.406	156.639	156.640			6
2026.01.06	01:55:29.006	156.638	156.639			6
2026.01.06	01:55:29.616	156.639	156.640			6
2026.01.06	01:55:30.538	156.638	156.639			6
2026.01.06	01:55:30.840	156.639	156.640			6
2026.01.06	01:55:32.377	156.635	156.636			6
2026.01.06	01:55:35.139	156.636	156.637			6
2026.01.06	01:55:36.055	156.635	156.636			6
2026.01.06	01:55:36.360	156.636	156.637			6
2026.01.06	01:55:36.665	156.635	156.636			6
2026.01.06	01:55:37.283	156.636	156.637			6
2026.01.06	01:55:37.587	156.635	156.636			6
2026.01.06	01:55:38.803	156.634	156.635			6
2026.01.06	01:55:41.847	156.635	156.636			6
2026.01.06	01:55:42.149	156.634	156.635			6
2026.01.06	01:55:44.287	156.636	156.637			6
2026.01.06	01:55:45.512	156.635	156.636			6
2026.01.06	01:55:48.577	156.636	156.637			6
2026.01.06	01:55:51.018	156.635	156.636			6
2026.01.06	01:55:51.933	156.636	156.637			6
2026.01.06	01:55:52.549	156.635	156.636			6
2026.01.06	01:55:53.157	156.636	156.637			6
2026.01.06	01:55:55.315	156.640	156.641			6
2026.01.06	01:55:55.625	156.639	156.640			6
2026.01.06	01:55:56.238	156.640	156.641			6
2026.01.06	01:56:00.218	156.640				2
2026.01.06	01:56:11.555	156.639	156.640			6
2026.01.06	01:56:11.865	156.640	156.641			6
2026.01.06	01:56:12.168	156.638	156.639			6
2026.01.06	01:56:14.932	156.637	156.638			6
2026.01.06	01:56:15.855	156.638	156.639			6
2026.01.06	01:56:16.477	156.637	156.638			6
2026.01.06	01:56:16.782	156.635	156.636			6
2026.01.06	01:56:19.216	156.634	156.635			6
2026.01.06	01:56:21.064	156.635	156.636			6
2026.01.06	01:56:23.830	156.634	156.635			6
2026.01.06	01:56:24.138	156.635	156.636			6
2026.01.06	01:56:25.359	156.634	156.635			6
2026.01.06	01:56:26.286	156.636	156.637			6
2026.01.06	01:56:27.505	156.635	156.636			6
2026.01.06	01:56:29.951	156.634	156.635			6
2026.01.06	01:56:30.261	156.635	156.636			6
2026.01.06	01:56:31.174	156.634	156.635			6
2026.01.06	01:56:31.784	156.635	156.636			6
2026.01.06	01:56:32.088	156.636	156.637			6
2026.01.06	01:56:37.305	156.635	156.636			6
2026.01.06	01:56:38.235	156.636	156.637			6
2026.01.06	01:56:40.081	156.631	156.632			6
2026.01.06	01:56:40.384	156.625	156.626			6
2026.01.06	01:56:41.615	156.626	156.627			6
2026.01.06	01:56:42.526	156.627	156.628			6
2026.01.06	01:56:44.366	156.626	156.627			6
2026.01.06	01:56:46.208	156.625	156.626			6
2026.01.06	01:56:46.518	156.626	156.627			6
2026.01.06	01:56:51.137	156.625	156.626			6
2026.01.06	01:56:51.446	156.626	156.627			6
2026.01.06	01:56:53.892	156.625	156.626			6
2026.01.06	01:56:54.194	156.624	156.625			6
2026.01.06	01:56:55.731	156.623	156.624			6
2026.01.06	01:56:56.347	156.622	156.623			6
2026.01.06	01:56:56.964	156.618	156.619			6
2026.01.06	01:56:57.888	156.617	156.618			6
2026.01.06	01:57:00.022	156.617				2
2026.01.06	01:57:10.764	156.616	156.617			6
2026.01.06	01:57:11.077	156.614	156.615			6
2026.01.06	01:57:11.386	156.616	156.617			6
2026.01.06	01:57:12.308	156.617	156.618			6
2026.01.06	01:57:23.639	156.618	156.619			6
2026.01.06	01:57:25.467	156.617	156.618			6
2026.01.06	01:57:31.916	156.618	156.619			6
2026.01.06	01:57:36.827	156.625	156.626			6
2026.01.06	01:57:37.128	156.630	156.631			6
2026.01.06	01:57:37.739	156.629	156.630			6
2026.01.06	01:57:38.048	156.630	156.631			6
2026.01.06	01:57:43.633	156.632	156.633			6
2026.01.06	01:57:44.561	156.631	156.632			6
2026.01.06	01:57:50.120	156.630	156.631			6
2026.01.06	01:57:58.148	156.629	156.630			6
2026.01.06	01:58:00.012	156.629				2
2026.01.06	01:58:01.248	156.630	156.631			6
2026.01.06	01:58:10.444	156.631	156.632			6
2026.01.06	01:58:11.977	156.630	156.631			6
2026.01.06	01:58:17.816	156.631	156.632			6
2026.01.06	01:58:20.883	156.630	156.631			6
2026.01.06	01:58:28.864	156.631	156.632			6
2026.01.06	01:58:31.019	156.633	156.634			6
2026.01.06	01:58:31.328	156.634	156.635			6
2026.01.06	01:58:31.631	156.632	156.633			6
2026.01.06	01:58:35.930	156.635	156.636			6
2026.01.06	01:58:37.158	156.636	156.637			6
2026.01.06	01:58:38.078	156.637	156.638			6
2026.01.06	01:58:38.388	156.633	156.634			6
2026.01.06	01:58:41.158	156.632	156.633			6
2026.01.06	01:58:42.081	156.633	156.634			6
2026.01.06	01:58:42.701	156.635	156.636			6
2026.01.06	01:58:43.009	156.636	156.637			6
2026.01.06	01:58:43.622	156.641	156.642			6
2026.01.06	01:58:44.236	156.643	156.644			6
2026.01.06	01:58:44.851	156.642	156.643			6
2026.01.06	01:58:45.777	156.643	156.644			6
2026.01.06	01:58:46.093	156.642	156.643			6
2026.01.06	01:58:46.398	156.643	156.644			6
2026.01.06	01:58:46.713	156.642	156.643			6
2026.01.06	01:58:47.333	156.643	156.644			6
2026.01.06	01:58:50.423	156.642	156.643			6
2026.01.06	01:58:51.344	156.643	156.644			6
2026.01.06	01:58:55.384	156.644	156.645			6
2026.01.06	01:59:00.278	156.644				2
2026.01.06	01:59:00.889	156.643	156.644			6
2026.01.06	01:59:02.118	156.641	156.642			6
2026.01.06	01:59:03.644	156.642	156.643			6
2026.01.06	01:59:13.811	156.638	156.639			6
2026.01.06	01:59:16.886	156.640	156.641			6
2026.01.06	01:59:17.497	156.643	156.644			6
2026.01.06	01:59:17.804	156.642	156.643			6
2026.01.06	01:59:19.023	156.643	156.644			6
2026.01.06	01:59:21.165	156.642	156.643			6
2026.01.06	01:59:22.084	156.643	156.644			6
2026.01.06	01:59:23.004	156.642	156.643			6
2026.01.06	01:59:26.077	156.641	156.642			6
2026.01.06	01:59:26.388	156.642	156.643			6
2026.01.06	01:59:33.731	156.641	156.642			6
2026.01.06	01:59:35.891	156.640	156.641			6
2026.01.06	01:59:36.199	156.637	156.638			6
2026.01.06	01:59:36.515	156.638	156.639			6
2026.01.06	01:59:36.819	156.635	156.636			6
2026.01.06	01:59:38.359	156.636	156.637			6
2026.01.06	01:59:38.978	156.635	156.636			6
2026.01.06	01:59:39.900	156.634	156.635			6
2026.01.06	01:59:40.210	156.631	156.632			6
2026.01.06	01:59:41.135	156.632	156.633			6
2026.01.06	01:59:42.967	156.631	156.632			6
2026.01.06	01:59:50.018	156.630	156.631			6
2026.01.06	01:59:51.557	156.624	156.625			6
2026.01.06	01:59:51.865	156.620	156.621			6
2026.01.06	01:59:52.494	156.619				2
2026.01.06	01:59:52.802	156.616	156.617			6
2026.01.06	01:59:54.665	156.615				2
2026.01.06	01:59:56.528	156.616				2
2026.01.06	01:59:59.310	156.615				2
2026.01.06	02:00:00.247	156.616				2
2026.01.06	02:00:02.396	156.614	156.615			6
2026.01.06	02:00:02.698	156.606	156.608			6
2026.01.06	02:00:03.320	156.605				2
2026.01.06	02:00:03.635	156.611	156.613			6
2026.01.06	02:00:04.577	156.610	156.612			6
2026.01.06	02:00:05.313	156.607	156.610			6
2026.01.06	02:00:05.623	156.608	156.611			6
2026.01.06	02:00:05.945	156.607	156.610			6
2026.01.06	02:00:06.259	156.606	156.609			6
2026.01.06	02:00:06.884	156.605	156.608			6
2026.01.06	02:00:07.265		156.606			4
2026.01.06	02:00:07.567	156.603	156.605			6
2026.01.06	02:00:07.874		156.604			4
2026.01.06	02:00:08.188	156.602				2
2026.01.06	02:00:08.491	156.601	156.603			6
2026.01.06	02:00:09.255	156.592	156.595			6
2026.01.06	02:00:09.613	156.593				2
2026.01.06	02:00:09.918	156.592	156.593			6
2026.01.06	02:00:10.234	156.593	156.594			6
2026.01.06	02:00:10.538		156.595			4
2026.01.06	02:00:11.780	156.592				2
2026.01.06	02:00:13.297	156.591				2
2026.01.06	02:00:13.728	156.592				2
2026.01.06	02:00:14.961	156.593				2
2026.01.06	02:00:15.266	156.592	156.593			6
2026.01.06	02:00:15.594		156.594			4
2026.01.06	02:00:17.463	156.593	156.595			6
2026.01.06	02:00:19.331	156.594	156.598			6
2026.01.06	02:00:19.642	156.593	156.595			6
2026.01.06	02:00:20.262	156.592	156.594			6
2026.01.06	02:00:21.507	156.594	156.595			6
2026.01.06	02:00:21.814	156.593				2
2026.01.06	02:00:22.733	156.592				2
2026.01.06	02:00:23.656	156.581	156.583			6
2026.01.06	02:00:23.959	156.575	156.579			6
2026.01.06	02:00:24.264		156.578			4
2026.01.06	02:00:24.592	156.576				2
2026.01.06	02:00:26.518	156.579	156.582			6
2026.01.06	02:00:27.433	156.578	156.581			6
2026.01.06	02:00:28.392	156.590	156.593			6
2026.01.06	02:00:29.044	156.591	156.594			6
2026.01.06	02:00:29.408	156.590				2
2026.01.06	02:00:29.735	156.594	156.597			6
2026.01.06	02:00:30.180	156.593	156.595			6
2026.01.06	02:00:30.484	156.590				2
2026.01.06	02:00:31.376	156.591				2
2026.01.06	02:00:31.696	156.594	156.598			6
2026.01.06	02:00:33.361	156.598	156.601			6
2026.01.06	02:00:34.214	156.599				2
2026.01.06	02:00:34.591		156.602			4
2026.01.06	02:00:34.906		156.601			4
2026.01.06	02:00:35.978	156.600	156.604			6
2026.01.06	02:00:36.426		156.606			4
2026.01.06	02:00:39.066		156.605			4
2026.01.06	02:00:39.771	156.603	156.607			6
2026.01.06	02:00:40.694	156.605	156.608			6
2026.01.06	02:00:41.077	156.606				2
2026.01.06	02:00:42.264	156.604	156.609			6
2026.01.06	02:00:42.576	156.592	156.596			6
2026.01.06	02:00:43.239		156.595			4
2026.01.06	02:00:43.552		156.597			4
2026.01.06	02:00:43.899		156.596			4
2026.01.06	02:00:44.260		156.597			4
2026.01.06	02:00:44.785	156.596	156.600			6
2026.01.06	02:00:45.197		156.599			4
2026.01.06	02:00:47.473	156.594	156.597			6
2026.01.06	02:00:47.980	156.597	156.600			6
2026.01.06	02:00:48.903	156.598				2
2026.01.06	02:00:49.219		156.601			4
2026.01.06	02:00:49.523	156.602	156.604			6
2026.01.06	02:00:49.839	156.621	156.626			6
2026.01.06	02:00:50.160	156.631	156.634			6
2026.01.06	02:00:50.465	156.632	156.636			6
2026.01.06	02:00:50.778		156.637			4
2026.01.06	02:00:51.085	156.633				2
2026.01.06	02:00:51.415	156.631	156.636			6
2026.01.06	02:00:51.717		156.634			4
2026.01.06	02:00:52.020	156.632	156.635			6
2026.01.06	02:00:52.324		156.636			4
2026.01.06	02:00:52.748		156.635			4
2026.01.06	02:00:53.162	156.630	156.633			6
2026.01.06	02:00:53.463		156.635			4
2026.01.06	02:00:54.344		156.634			4
2026.01.06	02:00:54.983	156.633	156.636			6
2026.01.06	02:00:55.307	156.632				2
2026.01.06	02:00:56.389	156.633				2
2026.01.06	02:00:56.705	156.634				2
2026.01.06	02:00:57.321	156.645	156.648			6
2026.01.06	02:00:57.638	156.663	156.664			6
2026.01.06	02:00:57.943	156.665	156.669			6
2026.01.06	02:00:58.610	156.664	156.668			6
2026.01.06	02:00:59.646	156.661	156.667			6
2026.01.06	02:01:00.014	156.657	156.663			6
2026.01.06	02:01:00.319	156.658	156.659			6
2026.01.06	02:01:00.639	156.657	156.660			6
2026.01.06	02:01:00.959	156.662	156.667			6
2026.01.06	02:01:02.885	156.665	156.668			6
2026.01.06	02:01:03.199	156.663				2
2026.01.06	02:01:04.195	156.662				2
2026.01.06	02:01:05.215	156.661	156.667			6
2026.01.06	02:01:05.938	156.663	156.668			6
2026.01.06	02:01:06.258	156.666	156.670			6
2026.01.06	02:01:06.562	156.668				2
2026.01.06	02:01:06.866	156.666	156.671			6
2026.01.06	02:01:07.186	156.665	156.669			6
2026.01.06	02:01:08.194		156.670			4
2026.01.06	02:01:08.860	156.667	156.671			6
2026.01.06	02:01:09.497	156.666	156.670			6
2026.01.06	02:01:10.360		156.669			4
2026.01.06	02:01:10.839		156.670			4
2026.01.06	02:01:11.158		156.671			4
2026.01.06	02:01:12.181	156.671	156.672			6
2026.01.06	02:01:12.484	156.670	156.675			6
2026.01.06	02:01:12.841	156.671	156.676			6
2026.01.06	02:01:13.158	156.672				2
2026.01.06	02:01:14.110	156.664	156.670			6
2026.01.06	02:01:14.418	156.666	156.671			6
2026.01.06	02:01:15.048	156.664	156.669			6
2026.01.06	02:01:19.138	156.670	156.672			6
2026.01.06	02:01:19.441		156.675			4
2026.01.06	02:01:20.383	156.673	156.678			6
2026.01.06	02:01:20.694	156.674	156.679			6
2026.01.06	02:01:21.133	156.672	156.676			6
2026.01.06	02:01:22.343	156.674	156.678			6
2026.01.06	02:01:23.172	156.673				2
2026.01.06	02:01:23.653		156.677			4
2026.01.06	02:01:24.703		156.678			4
2026.01.06	02:01:25.812	156.674				2
2026.01.06	02:01:26.223		156.679			4
2026.01.06	02:01:26.527	156.675	156.678			6
2026.01.06	02:01:26.924		156.680			4
2026.01.06	02:01:28.291	156.682	156.686			6
2026.01.06	02:01:28.595	156.683	156.688			6
2026.01.06	02:01:28.932	156.684				2
2026.01.06	02:01:29.738	156.678	156.681			6
2026.01.06	02:01:30.043	156.675	156.679			6
2026.01.06	02:01:30.374	156.673	156.677			6
2026.01.06	02:01:31.563		156.678			4
2026.01.06	02:01:34.472	156.676	156.680			6
2026.01.06	02:01:36.041		156.681			4
2026.01.06	02:01:37.666		156.680			4
2026.01.06	02:01:38.243		156.681			4
2026.01.06	02:01:42.304	156.674	156.678			6
2026.01.06	02:01:42.623	156.676	156.681			6
2026.01.06	02:01:44.685	156.678	156.682			6
2026.01.06	02:01:45.000	156.677	156.681			6
2026.01.06	02:01:46.763	156.676				2
2026.01.06	02:01:47.727		156.680			4
2026.01.06	02:01:49.142	156.675	156.678			6
2026.01.06	02:01:49.456	156.672	156.676			6
2026.01.06	02:01:49.782	156.673	156.677			6
2026.01.06	02:01:50.120	156.674				2
2026.01.06	02:01:53.020	156.675	156.679			6
2026.01.06	02:01:53.329	156.677	156.681			6
2026.01.06	02:01:54.444	156.680	156.684			6
2026.01.06	02:01:55.118	156.676	156.681			6
2026.01.06	02:01:55.420	156.674	156.678			6
2026.01.06	02:01:56.084	156.672	156.676			6
2026.01.06	02:01:56.553	156.673				2
2026.01.06	02:01:56.860	156.667	156.672			6
2026.01.06	02:01:57.210	156.666	156.669			6
2026.01.06	02:01:57.514	156.663	156.668			6
2026.01.06	02:01:58.937		156.664			4
2026.01.06	02:01:59.243	156.653	156.657			6
2026.01.06	02:02:00.159	156.653				2
2026.01.06	02:02:00.821	156.654				2
2026.01.06	02:02:02.218	156.661	156.663			6
2026.01.06	02:02:02.525	156.662	156.666			6
2026.01.06	02:02:04.335	156.654	156.656			6
2026.01.06	02:02:04.638	156.652				2
2026.01.06	02:02:06.592	156.651				2
2026.01.06	02:02:07.011	156.650	156.655			6
2026.01.06	02:02:07.571		156.654			4
2026.01.06	02:02:08.363	156.652	156.656			6
2026.01.06	02:02:08.666		156.655			4
2026.01.06	02:02:08.973	156.651				2
2026.01.06	02:02:10.417	156.652				2
2026.01.06	02:02:10.952	156.654	156.657			6
2026.01.06	02:02:11.377	156.653				2
2026.01.06	02:02:11.716		156.655			4
2026.01.06	02:02:12.080	156.652				2
2026.01.06	02:02:13.148	156.651				2
2026.01.06	02:02:14.871	156.648	156.652			6
2026.01.06	02:02:15.219	156.649	156.653			6
2026.01.06	02:02:16.301	156.648				2
2026.01.06	02:02:17.996	156.650	156.654			6
2026.01.06	02:02:19.414	156.649				2
2026.01.06	02:02:21.157	156.648				2
2026.01.06	02:02:21.485	156.649				2
2026.01.06	02:02:21.842	156.648				2
2026.01.06	02:02:22.152	156.649				2
2026.01.06	02:02:22.603	156.647	156.652			6
2026.01.06	02:02:23.022	156.649				2
2026.01.06	02:02:23.383		156.653			4
2026.01.06	02:02:23.772	156.646	156.650			6
2026.01.06	02:02:24.339	156.647				2
2026.01.06	02:02:26.357	156.649	156.654			6
2026.01.06	02:02:27.693	156.650				2
2026.01.06	02:02:28.227	156.662	156.667			6
2026.01.06	02:02:28.540	156.666	156.670			6
2026.01.06	02:02:29.206		156.669			4
2026.01.06	02:02:29.629	156.670	156.673			6
2026.01.06	02:02:29.941		156.675			4
2026.01.06	02:02:30.360	156.667	156.670			6
2026.01.06	02:02:30.978	156.669	156.672			6
2026.01.06	02:02:31.286		156.674			4
2026.01.06	02:02:31.598	156.671	156.677			6
2026.01.06	02:02:31.987	156.672	156.678			6
2026.01.06	02:02:33.614	156.668	156.672			6
2026.01.06	02:02:33.953	156.669				2
2026.01.06	02:02:34.259	156.665	156.670			6
2026.01.06	02:02:34.575	156.666				2
2026.01.06	02:02:35.880		156.668			4
2026.01.06	02:02:36.303	156.663	156.666			6
2026.01.06	02:02:36.610	156.662				2
2026.01.06	02:02:36.926	156.668	156.669			6
2026.01.06	02:02:37.238	156.674	156.678			6
2026.01.06	02:02:37.543		156.679			4
2026.01.06	02:02:38.155	156.675				2
2026.01.06	02:02:38.555		156.678			4
2026.01.06	02:02:41.567		156.679			4
2026.01.06	02:02:43.866	156.685	156.688			6
2026.01.06	02:02:44.198		156.690			4
2026.01.06	02:02:45.067		156.689			4
2026.01.06	02:02:45.377		156.690			4
2026.01.06	02:02:51.004	156.684	156.689			6
2026.01.06	02:02:51.414	156.682	156.688			6
2026.01.06	02:02:51.984		156.687			4
2026.01.06	02:02:52.403	156.680	156.684			6
2026.01.06	02:02:52.744		156.686			4
2026.01.06	02:02:54.010		156.684			4
2026.01.06	02:02:54.334	156.684	156.688			6
2026.01.06	02:02:54.682		156.690			4
2026.01.06	02:02:55.166		156.688			4
2026.01.06	02:02:56.190	156.680	156.683			6
2026.01.06	02:02:58.033	156.677	156.681			6
2026.01.06	02:02:58.494	156.680	156.684			6
2026.01.06	02:02:59.509	156.679				2
2026.01.06	02:03:00.005	156.679				2
2026.01.06	02:03:00.687	156.680				2
2026.01.06	02:03:01.309	156.679	156.683			6
2026.01.06	02:03:01.617	156.676	156.681			6
2026.01.06	02:03:01.919	156.677	156.682			6
2026.01.06	02:03:02.272	156.678				2
2026.01.06	02:03:02.606	156.677	156.681			6
2026.01.06	02:03:03.046	156.675	156.680			6
2026.01.06	02:03:03.364	156.674	156.679			6
2026.01.06	02:03:04.314	156.672	156.676			6
2026.01.06	02:03:05.898	156.665	156.669			6
2026.01.06	02:03:06.204	156.663	156.668			6
2026.01.06	02:03:07.092	156.664	156.669			6
2026.01.06	02:03:07.669	156.663	156.668			6
2026.01.06	02:03:09.052	156.665	156.669			6
2026.01.06	02:03:10.544	156.673	156.678			6
2026.01.06	02:03:11.163	156.674	156.679			6
2026.01.06	02:03:14.450	156.673	156.678			6
2026.01.06	02:03:17.004	156.675				2
2026.01.06	02:03:17.369	156.674	156.679			6
2026.01.06	02:03:18.102	156.675				2
2026.01.06	02:03:18.549	156.676				2
2026.01.06	02:03:20.081	156.675				2
2026.01.06	02:03:22.572		156.680			4
2026.01.06	02:03:24.052	156.684	156.688			6
2026.01.06	02:03:24.370	156.685	156.689			6
2026.01.06	02:03:26.170	156.687	156.691			6
2026.01.06	02:03:27.261	156.691	156.693			6
2026.01.06	02:03:27.566	156.690				2
2026.01.06	02:03:29.207		156.694			4
2026.01.06	02:03:29.521	156.691				2
2026.01.06	02:03:29.945		156.695			4
2026.01.06	02:03:30.361	156.694	156.698			6
2026.01.06	02:03:31.253	156.692	156.697			6
2026.01.06	02:03:31.578	156.696	156.700			6
2026.01.06	02:03:32.219	156.697	156.699			6
2026.01.06	02:03:32.948		156.700			4
2026.01.06	02:03:33.393		156.699			4
2026.01.06	02:03:34.097		156.698			4
2026.01.06	02:03:34.440		156.699			4
2026.01.06	02:03:34.765		156.700			4
2026.01.06	02:03:35.786	156.684	156.689			6
2026.01.06	02:03:37.827	156.685	156.690			6
2026.01.06	02:03:38.173	156.688	156.691			6
2026.01.06	02:03:38.689	156.687	156.690			6
2026.01.06	02:03:38.990	156.685				2
2026.01.06	02:03:39.352		156.689			4
2026.01.06	02:03:39.670	156.684				2
2026.01.06	02:03:41.090	156.690	156.695			6
2026.01.06	02:03:44.211	156.691	156.694			6
2026.01.06	02:03:44.541	156.690				2
2026.01.06	02:03:46.152	156.692				2
2026.01.06	02:03:46.609	156.687	156.690			6
2026.01.06	02:03:48.009	156.686				2
2026.01.06	02:03:49.954	156.685				2
2026.01.06	02:03:50.397	156.686				2
2026.01.06	02:03:53.721	156.685				2
2026.01.06	02:03:54.172		156.689			4
2026.01.06	02:03:54.488	156.686	156.690			6
2026.01.06	02:03:54.858	156.685				2
2026.01.06	02:03:56.761	156.686	156.691			6
2026.01.06	02:03:57.391	156.691	156.694			6
2026.01.06	02:03:59.562	156.690	156.693			6
2026.01.06	02:04:00.305	156.690				2
2026.01.06	02:04:00.642		156.692			4
2026.01.06	02:04:01.295	156.688				2
2026.01.06	02:04:01.612	156.686	156.690			6
2026.01.06	02:04:01.917		156.691			4
2026.01.06	02:04:03.340	156.685	156.690			6
2026.01.06	02:04:06.990	156.689				2
2026.01.06	02:04:07.347	156.685				2
2026.01.06	02:04:07.773	156.687	156.691			6
2026.01.06	02:04:08.167	156.688				2
2026.01.06	02:04:08.506	156.689	156.693			6
2026.01.06	02:04:09.300	156.686	156.690			6
2026.01.06	02:04:09.719	156.688	156.692			6
2026.01.06	02:04:11.407		156.693			4
2026.01.06	02:04:12.059	156.689				2
2026.01.06	02:04:12.462	156.686	156.691			6
2026.01.06	02:04:13.128	156.685	156.690			6
2026.01.06	02:04:15.010	156.686				2
2026.01.06	02:04:15.380	156.688	156.692			6
2026.01.06	02:04:15.700	156.689	156.693			6
2026.01.06	02:04:16.706	156.694	156.698			6
2026.01.06	02:04:17.164	156.695				2
2026.01.06	02:04:17.639		156.699			4
2026.01.06	02:04:17.984	156.694	156.698			6
2026.01.06	02:04:19.317	156.692	156.697			6
2026.01.06	02:04:19.947	156.691	156.696			6
2026.01.06	02:04:21.266	156.696	156.699			6
2026.01.06	02:04:21.597	156.695				2
2026.01.06	02:04:22.260	156.692	156.697			6
2026.01.06	02:04:22.572	156.691	156.696			6
2026.01.06	02:04:22.878		156.695			4
2026.01.06	02:04:24.167	156.686	156.691			6
2026.01.06	02:04:24.478	156.685				2
2026.01.06	02:04:25.900	156.687	156.692			6
2026.01.06	02:04:28.902	156.690	156.694			6
2026.01.06	02:04:29.220		156.695			4
2026.01.06	02:04:30.684	156.691	156.697			6
2026.01.06	02:04:31.571	156.692				2
2026.01.06	02:04:32.249	156.693	156.696			6
2026.01.06	02:04:32.563	156.692				2
2026.01.06	02:04:33.077	156.693				2
2026.01.06	02:04:33.968	156.694				2
2026.01.06	02:04:34.895	156.693				2
2026.01.06	02:04:36.229	156.689	156.691			6
2026.01.06	02:04:36.961	156.688	156.692			6
2026.01.06	02:04:38.868	156.696	156.700			6
2026.01.06	02:04:39.177		156.698			4
2026.01.06	02:04:39.696		156.701			4
2026.01.06	02:04:41.051		156.700			4
2026.01.06	02:04:42.309		156.698			4
2026.01.06	02:04:42.648	156.699	156.703			6
2026.01.06	02:04:43.315	156.703	156.706			6
2026.01.06	02:04:43.618	156.701	156.705			6
2026.01.06	02:04:44.443	156.698	156.699			6
2026.01.06	02:04:44.758	156.695				2
2026.01.06	02:04:50.124	156.696	156.698			6
2026.01.06	02:04:50.524		156.699			4
2026.01.06	02:04:54.043		156.700			4
2026.01.06	02:04:54.485		156.699			4
2026.01.06	02:04:55.319	156.694				2
2026.01.06	02:04:55.659	156.695				2
2026.01.06	02:04:56.293	156.694				2
2026.01.06	02:04:58.253		156.698			4
2026.01.06	02:04:58.752	156.695	156.699			6
2026.01.06	02:04:59.760	156.702	156.706			6
2026.01.06	02:05:00.070	156.701				2
2026.01.06	02:05:00.446	156.702	156.707			6
2026.01.06	02:05:01.109	156.712	156.717			6
2026.01.06	02:05:01.421	156.715	156.718			6
2026.01.06	02:05:01.738	156.712	156.717			6
2026.01.06	02:05:02.065	156.710	156.715			6
2026.01.06	02:05:02.749	156.709				2
2026.01.06	02:05:03.049	156.710	156.716			6
2026.01.06	02:05:03.391	156.711				2
2026.01.06	02:05:04.356	156.712				2
2026.01.06	02:05:05.635	156.714	156.719			6
2026.01.06	02:05:06.426		156.718			4
2026.01.06	02:05:06.766	156.711	156.716			6
2026.01.06	02:05:07.358	156.710	156.715			6
2026.01.06	02:05:08.698	156.709	156.713			6
2026.01.06	02:05:09.150	156.711	156.714			6
2026.01.06	02:05:10.258		156.715			4
2026.01.06	02:05:11.782	156.710	156.714			6
2026.01.06	02:05:13.348	156.700	156.704			6
2026.01.06	02:05:14.186		156.705			4
2026.01.06	02:05:16.245		156.704			4
2026.01.06	02:05:17.379		156.705			4
2026.01.06	02:05:17.692		156.704			4
2026.01.06	02:05:18.345		156.705			4
2026.01.06	02:05:19.578		156.704			4
2026.01.06	02:05:19.883	156.706	156.711			6
2026.01.06	02:05:20.190		156.709			4
2026.01.06	02:05:20.529	156.707	156.710			6
2026.01.06	02:05:20.896	156.710	156.713			6
2026.01.06	02:05:22.425		156.714			4
2026.01.06	02:05:24.498	156.709				2
2026.01.06	02:05:25.178		156.713			4
2026.01.06	02:05:26.588	156.707				2
2026.01.06	02:05:29.906		156.712			4
2026.01.06	02:05:31.289		156.713			4
2026.01.06	02:05:32.803		156.712			4
2026.01.06	02:05:33.105	156.706	156.711			6
2026.01.06	02:05:37.318	156.707				2
2026.01.06	02:05:37.647	156.706				2
2026.01.06	02:05:39.163		156.709			4
2026.01.06	02:05:39.935		156.710			4
2026.01.06	02:05:40.280	156.707	156.709			6
2026.01.06	02:05:40.733	156.706	156.710			6
2026.01.06	02:05:41.832		156.709			4
2026.01.06	02:05:42.439		156.710			4
2026.01.06	02:05:46.850		156.711			4
2026.01.06	02:05:50.324	156.713	156.714			6
2026.01.06	02:05:50.706	156.706	156.711			6
2026.01.06	02:05:51.074		156.710			4
2026.01.06	02:05:51.391	156.707				2
2026.01.06	02:05:52.013	156.708	156.711			6
2026.01.06	02:05:52.859	156.707				2
2026.01.06	02:05:53.160	156.710	156.714			6
2026.01.06	02:05:53.597	156.711	156.715			6
2026.01.06	02:05:54.163	156.712	156.717			6
2026.01.06	02:05:54.467	156.711				2
2026.01.06	02:05:54.891	156.712				2
2026.01.06	02:05:55.567		156.716			4
2026.01.06	02:05:55.889	156.711				2
2026.01.06	02:05:56.443	156.710	156.714			6
2026.01.06	02:05:58.272	156.711	156.716			6
2026.01.06	02:05:59.676	156.713				2
2026.01.06	02:06:00.429	156.716	156.717			6
2026.01.06	02:06:00.733		156.718			4
2026.01.06	02:06:01.045	156.715	156.719			6
2026.01.06	02:06:01.427		156.718			4
2026.01.06	02:06:03.040	156.714				2
2026.01.06	02:06:03.397	156.713	156.719			6
2026.01.06	02:06:04.184		156.717			4
2026.01.06	02:06:04.893	156.714	156.718			6
2026.01.06	02:06:06.118		156.719			4
2026.01.06	02:06:07.127		156.718			4
2026.01.06	02:06:07.692		156.719			4
2026.01.06	02:06:08.203	156.713	156.718			6
2026.01.06	02:06:08.908		156.717			4
2026.01.06	02:06:09.513		156.718			4
2026.01.06	02:06:09.966		156.717			4
2026.01.06	02:06:10.367	156.712				2
2026.01.06	02:06:11.068	156.711	156.716			6
2026.01.06	02:06:11.389	156.712	156.717			6
2026.01.06	02:06:12.175	156.711				2
2026.01.06	02:06:12.602	156.712	156.716			6
2026.01.06	02:06:13.533	156.711				2
2026.01.06	02:06:14.167		156.717			4
2026.01.06	02:06:14.857		156.715			4
2026.01.06	02:06:15.230		156.716			4
2026.01.06	02:06:17.894	156.713	156.717			6
2026.01.06	02:06:18.301	156.722	156.726			6
2026.01.06	02:06:18.621		156.728			4
2026.01.06	02:06:18.921	156.724				2
2026.01.06	02:06:19.353	156.721	156.726			6
2026.01.06	02:06:19.658		156.727			4
2026.01.06	02:06:20.804	156.720	156.726			6
2026.01.06	02:06:21.961		156.725			4
2026.01.06	02:06:22.316	156.722	156.726			6
2026.01.06	02:06:23.231	156.721				2
2026.01.06	02:06:24.614	156.724	156.727			6
2026.01.06	02:06:25.504		156.728			4
2026.01.06	02:06:26.125		156.727			4
2026.01.06	02:06:27.074	156.721	156.725			6
2026.01.06	02:06:27.387	156.723	156.727			6
2026.01.06	02:06:28.247	156.721	156.726			6
2026.01.06	02:06:28.789	156.722				2
2026.01.06	02:06:29.100	156.720	156.724			6
2026.01.06	02:06:30.190	156.719				2
2026.01.06	02:06:30.947	156.720				2
2026.01.06	02:06:31.296	156.719				2
2026.01.06	02:06:31.625	156.710	156.714			6
2026.01.06	02:06:31.939	156.708	156.712			6
2026.01.06	02:06:32.578	156.709	156.713			6
2026.01.06	02:06:34.944	156.710				2
2026.01.06	02:06:35.556	156.705	156.708			6
2026.01.06	02:06:35.864	156.704				2
2026.01.06	02:06:36.488		156.707			4
2026.01.06	02:06:36.801	156.703	156.706			6
2026.01.06	02:06:37.102	156.702				2
2026.01.06	02:06:37.408	156.700	156.704			6
2026.01.06	02:06:40.154	156.698	156.703			6
2026.01.06	02:06:40.575		156.702			4
2026.01.06	02:06:43.146	156.694	156.699			6
2026.01.06	02:06:43.454	156.695				2
2026.01.06	02:06:46.392	156.696	156.701			6
2026.01.06	02:06:48.224	156.691	156.696			6
2026.01.06	02:06:48.538	156.685	156.690			6
2026.01.06	02:06:48.846		156.689			4
2026.01.06	02:06:50.038	156.686	156.690			6
2026.01.06	02:06:50.348	156.684	156.688			6
2026.01.06	02:06:51.381	156.688	156.689			6
2026.01.06	02:06:51.699	156.686				2
2026.01.06	02:06:51.999	156.684				2
2026.01.06	02:06:52.537	156.686				2
2026.01.06	02:06:52.849	156.685	156.687			6
2026.01.06	02:06:54.720	156.683				2
2026.01.06	02:06:55.074	156.684				2
2026.01.06	02:06:55.470	156.683				2
2026.01.06	02:06:55.911	156.684				2
2026.01.06	02:06:56.965	156.685				2
2026.01.06	02:06:58.500	156.696	156.699			6
2026.01.06	02:07:00.048	156.695				2
2026.01.06	02:07:01.915		156.698			4
2026.01.06	02:07:02.226		156.699			4
2026.01.06	02:07:02.575		156.698			4
2026.01.06	02:07:02.885		156.699			4
2026.01.06	02:07:04.488		156.698			4
2026.01.06	02:07:05.891		156.699			4
2026.01.06	02:07:06.666	156.696				2
2026.01.06	02:07:08.529	156.695				2
2026.01.06	02:07:09.038	156.697	156.700			6
2026.01.06	02:07:10.278		156.701			4
2026.01.06	02:07:11.043		156.700			4
2026.01.06	02:07:12.703	156.695	156.698			6
2026.01.06	02:07:13.864		156.699			4
2026.01.06	02:07:14.256	156.696	156.700			6
2026.01.06	02:07:14.559	156.697				2
2026.01.06	02:07:17.707	156.695	156.699			6
2026.01.06	02:07:19.248	156.693	156.694			6
2026.01.06	02:07:19.554	156.688	156.692			6
2026.01.06	02:07:20.783		156.691			4
2026.01.06	02:07:21.096	156.687	156.690			6
2026.01.06	02:07:25.758	156.686				2
2026.01.06	02:07:26.890	156.688	156.691			6
2026.01.06	02:07:27.194	156.689	156.692			6
2026.01.06	02:07:27.814	156.688				2
2026.01.06	02:07:30.417	156.687	156.691			6
2026.01.06	02:07:31.832	156.688				2
2026.01.06	02:07:33.524	156.687				2
2026.01.06	02:07:35.008		156.690			4
2026.01.06	02:07:35.662	156.686				2
2026.01.06	02:07:37.507	156.685	156.689			6
2026.01.06	02:07:37.823	156.684				2
2026.01.06	02:07:39.984	156.685				2
2026.01.06	02:07:40.289	156.684	156.687			6
2026.01.06	02:07:40.598	156.685				2
2026.01.06	02:07:41.101	156.683				2
2026.01.06	02:07:42.303		156.686			4
2026.01.06	02:07:42.628	156.682				2
2026.01.06	02:07:43.973	156.683				2
2026.01.06	02:07:44.412	156.682				2
2026.01.06	02:07:50.377	156.683				2
2026.01.06	02:07:50.696	156.684	156.687			6
2026.01.06	02:07:51.017	156.693	156.696			6
2026.01.06	02:07:51.322	156.696	156.699			6
2026.01.06	02:07:51.633	156.699	156.703			6
2026.01.06	02:07:55.754	156.698				2
2026.01.06	02:07:56.875	156.699				2
2026.01.06	02:08:00.508	156.699				2
2026.01.06	02:08:00.816	156.706	156.707			6
2026.01.06	02:08:01.136		156.708			4
2026.01.06	02:08:03.199	156.705				2
2026.01.06	02:08:09.524	156.704	156.706			6
2026.01.06	02:08:09.839	156.701	156.705			6
2026.01.06	02:08:10.546	156.702				2
2026.01.06	02:08:11.168	156.703				2
2026.01.06	02:08:11.471	156.705	156.708			6
2026.01.06	02:08:12.366	156.706				2
2026.01.06	02:08:12.962	156.705				2
2026.01.06	02:08:13.532	156.706				2
2026.01.06	02:08:14.050	156.704	156.707			6
2026.01.06	02:08:14.759	156.707	156.708			6
2026.01.06	02:08:18.090	156.710	156.712			6
