<DATE>	<TIME>	<BID>	<ASK>	<LAST>	<VOLUME>	<FLAGS>
2026.05.29	00:03:30.228	159.195	159.241			6
2026.05.29	00:04:00.036	159.195				2
2026.05.29	00:04:02.138	159.192	159.236			6
2026.05.29	00:04:24.715		159.238			4
2026.05.29	00:05:00.234	159.192				2
2026.05.29	00:05:00.534	159.194	159.247			6
2026.05.29	00:05:04.445	159.187				2
2026.05.29	00:05:10.775	159.188				2
2026.05.29	00:05:22.507	159.186				2
2026.05.29	00:05:23.410	159.185				2
2026.05.29	00:05:24.011	159.216				2
2026.05.29	00:05:24.312	159.185				2
2026.05.29	00:05:24.612	159.216				2
2026.05.29	00:05:24.916	159.185				2
2026.05.29	00:05:25.215	159.216				2
2026.05.29	00:05:25.517	159.185				2
2026.05.29	00:05:25.819	159.216				2
2026.05.29	00:05:26.119	159.185				2
2026.05.29	00:06:00.128	159.185				2
2026.05.29	00:06:00.728		159.247			4
2026.05.29	00:07:00.023	159.185				2
2026.05.29	00:07:00.923		159.247			4
2026.05.29	00:08:00.192	159.185				2
2026.05.29	00:08:01.094		159.247			4
2026.05.29	00:08:23.654		159.246			4
2026.05.29	00:09:00.078	159.185				2
2026.05.29	00:09:23.871		159.246			4
2026.05.29	00:10:00.290	159.185				2
2026.05.29	00:10:01.495	159.187	159.241			6
2026.05.29	00:12:53.860	159.188	159.241			6
2026.05.29	00:13:10.000	159.188				2
2026.05.29	00:13:20.070	159.187	159.242			6
2026.05.29	00:13:36.338		159.247			4
2026.05.29	00:13:48.674	159.182				2
2026.05.29	00:14:01.584	159.182				2
2026.05.29	00:14:25.792		159.245			4
2026.05.29	00:14:37.504	159.184				2
2026.05.29	00:15:00.082	159.184				2
2026.05.29	00:15:00.383	159.182	159.235			6
2026.05.29	00:15:00.984	159.185	159.245			6
2026.05.29	00:16:00.267	159.185				2
2026.05.29	00:16:01.171		159.245			4
2026.05.29	00:16:07.485	159.187				2
2026.05.29	00:16:32.772		159.243			4
2026.05.29	00:16:37.582		159.244			4
2026.05.29	00:16:52.943	159.186				2
2026.05.29	00:17:00.153	159.186				2
2026.05.29	00:17:37.747		159.244			4
2026.05.29	00:17:55.496	159.187	159.243			6
2026.05.29	00:18:00.006	159.187				2
2026.05.29	00:18:55.674		159.243			4
2026.05.29	00:19:00.189	159.187				2
2026.05.29	00:19:25.468		159.244			4
2026.05.29	00:19:43.515	159.185				2
2026.05.29	00:20:00.287	159.185	159.234			6
2026.05.29	00:20:21.349		159.244			4
2026.05.29	00:21:00.902	159.185				2
2026.05.29	00:21:21.736		159.244			4
2026.05.29	00:21:32.635	159.188	159.241			6
2026.05.29	00:22:01.583	159.188				2
2026.05.29	00:22:35.101		159.241			4
2026.05.29	00:22:40.070	159.187	159.242			6
2026.05.29	00:23:01.583	159.187				2
2026.05.29	00:23:40.342		159.242			4
2026.05.29	00:23:42.003	159.212				2
2026.05.29	00:23:42.303	159.187				2
2026.05.29	00:23:42.604	159.212				2
2026.05.29	00:23:42.904	159.187				2
2026.05.29	00:23:43.205	159.212				2
2026.05.29	00:23:43.507	159.187				2
2026.05.29	00:23:43.808	159.212				2
2026.05.29	00:23:44.111	159.187				2
2026.05.29	00:23:44.411	159.212				2
2026.05.29	00:23:44.711	159.187				2
2026.05.29	00:23:45.012	159.212				2
2026.05.29	00:23:45.312	159.187				2
2026.05.29	00:24:00.070	159.187	159.241			6
2026.05.29	00:24:02.635	159.189	159.240			6
2026.05.29	00:25:01.802	159.189				2
2026.05.29	00:25:09.002		159.240			4
2026.05.29	00:25:10.071	159.188	159.241			6
2026.05.29	00:26:04.514	159.188				2
2026.05.29	00:26:11.582		159.241			4
2026.05.29	00:26:33.873	159.182	159.245			6
2026.05.29	00:27:01.583	159.182				2
2026.05.29	00:27:10.471		159.247			4
2026.05.29	00:28:05.177	159.182				2
2026.05.29	00:28:10.600		159.247			4
2026.05.29	00:28:36.362	159.185				2
2026.05.29	00:29:00.140	159.185				2
2026.05.29	00:29:02.843	159.186	159.242			6
2026.05.29	00:29:21.583	159.187				2
2026.05.29	00:30:00.197	159.187				2
2026.05.29	00:30:00.347	159.186	159.243			6
2026.05.29	00:30:13.346	159.182	159.247			6
2026.05.29	00:30:20.102	159.183				2
2026.05.29	00:30:32.731	159.184				2
2026.05.29	00:30:41.102	159.185				2
2026.05.29	00:30:56.402	159.186				2
2026.05.29	00:30:59.101	159.185				2
2026.05.29	00:31:01.862	159.185				2
2026.05.29	00:31:07.202	159.186				2
2026.05.29	00:31:15.302		159.247			4
2026.05.29	00:31:31.502	159.187				2
2026.05.29	00:31:49.202	159.188				2
2026.05.29	00:32:01.202	159.188				2
2026.05.29	00:32:02.937		159.242			4
2026.05.29	00:32:10.724	159.189				2
2026.05.29	00:32:32.373	159.188				2
2026.05.29	00:32:32.674	159.190				2
2026.05.29	00:32:37.486	159.192	159.247			6
2026.05.29	00:32:38.998	159.191				2
2026.05.29	00:32:45.325	159.194				2
2026.05.29	00:32:47.432	159.190				2
2026.05.29	00:32:47.733	159.189				2
2026.05.29	00:32:48.036	159.188				2
2026.05.29	00:32:48.638	159.192				2
2026.05.29	00:32:48.941	159.188				2
2026.05.29	00:32:49.542	159.192				2
2026.05.29	00:32:49.847	159.188				2
2026.05.29	00:32:50.897	159.191				2
2026.05.29	00:32:51.199	159.188				2
2026.05.29	00:32:51.499	159.189				2
2026.05.29	00:32:52.715	159.192				2
2026.05.29	00:32:53.016	159.189				2
2026.05.29	00:32:53.619	159.192				2
2026.05.29	00:32:53.919	159.189				2
2026.05.29	00:32:54.522	159.192				2
2026.05.29	00:32:54.823	159.189				2
2026.05.29	00:32:55.424	159.192				2
2026.05.29	00:32:55.725	159.189				2
2026.05.29	00:32:58.137	159.192				2
2026.05.29	00:32:58.437	159.189				2
2026.05.29	00:32:59.040	159.192				2
2026.05.29	00:32:59.341	159.189				2
2026.05.29	00:33:00.243	159.189				2
2026.05.29	00:33:02.134	159.190				2
2026.05.29	00:33:04.372	159.192				2
2026.05.29	00:33:37.786		159.247			4
2026.05.29	00:33:40.496	159.193				2
2026.05.29	00:33:55.257	159.200	159.245			6
2026.05.29	00:33:57.199	159.194				2
2026.05.29	00:34:00.530	159.194				2
2026.05.29	00:34:01.176	159.193				2
2026.05.29	00:34:56.402		159.245			4
2026.05.29	00:35:01.180	159.192				2
2026.05.29	00:35:36.576	159.194				2
2026.05.29	00:35:36.877	159.196	159.252			6
2026.05.29	00:35:37.477	159.208				2
2026.05.29	00:36:00.002	159.208				2
2026.05.29	00:36:03.200	159.198				2
2026.05.29	00:36:06.032	159.200				2
2026.05.29	00:36:06.332	159.210	159.258			6
2026.05.29	00:36:06.632	159.207				2
2026.05.29	00:36:13.384	159.209				2
2026.05.29	00:36:13.690	159.207				2
2026.05.29	00:36:17.337	159.209				2
2026.05.29	00:36:38.701	159.208				2
2026.05.29	00:37:00.660	159.208				2
2026.05.29	00:37:02.401	159.207				2
2026.05.29	00:37:17.299		159.258			4
2026.05.29	00:37:27.101	159.215	159.265			6
2026.05.29	00:38:00.976	159.215				2
2026.05.29	00:38:01.276	159.227	159.281			6
2026.05.29	00:38:01.576	159.226				2
2026.05.29	00:38:03.078	159.225				2
2026.05.29	00:38:03.377	159.230				2
2026.05.29	00:38:04.578	159.229				2
2026.05.29	00:38:05.783	159.225				2
2026.05.29	00:38:06.384	159.223				2
2026.05.29	00:38:06.684	159.228				2
2026.05.29	00:38:07.284	159.223				2
2026.05.29	00:38:09.395		159.284			4
2026.05.29	00:38:09.999	159.222				2
2026.05.29	00:38:11.199	159.226	159.281			6
2026.05.29	00:38:11.499	159.225				2
2026.05.29	00:38:11.799	159.222				2
2026.05.29	00:38:12.100	159.221				2
2026.05.29	00:38:16.311		159.285			4
2026.05.29	00:38:19.927	159.220				2
2026.05.29	00:38:20.229	159.221	159.284			6
2026.05.29	00:38:20.531	159.222				2
2026.05.29	00:38:24.442	159.221				2
2026.05.29	00:38:26.846	159.220				2
2026.05.29	00:38:27.447	159.221				2
2026.05.29	00:38:27.747	159.219				2
2026.05.29	00:38:29.248	159.220				2
2026.05.29	00:38:29.548	159.223	159.262			6
2026.05.29	00:38:29.850		159.284			4
2026.05.29	00:38:30.151		159.262			4
2026.05.29	00:38:30.452		159.284			4
2026.05.29	00:38:30.752		159.262			4
2026.05.29	00:38:31.052		159.284			4
2026.05.29	00:38:31.354		159.262			4
2026.05.29	00:38:31.654		159.284			4
2026.05.29	00:38:31.954		159.262			4
2026.05.29	00:38:32.255	159.217				2
2026.05.29	00:38:32.555	159.220				2
2026.05.29	00:38:32.855	159.218				2
2026.05.29	00:38:33.158		159.283			4
2026.05.29	00:38:36.172	159.220				2
2026.05.29	00:38:36.472	159.218				2
2026.05.29	00:38:36.773	159.217				2
2026.05.29	00:38:37.674	159.218				2
2026.05.29	00:38:39.177	159.220	159.282			6
2026.05.29	00:38:39.476		159.281			4
2026.05.29	00:38:40.079	159.217	159.283			6
2026.05.29	00:38:40.679	159.220				2
2026.05.29	00:38:41.581	159.219				2
2026.05.29	00:38:45.193	159.220				2
2026.05.29	00:38:45.498	159.219				2
2026.05.29	00:38:49.410		159.281			4
2026.05.29	00:38:49.711		159.282			4
2026.05.29	00:38:50.012	159.216				2
2026.05.29	00:38:57.843	159.220	159.286			6
2026.05.29	00:39:00.250	159.218	159.284			6
2026.05.29	00:39:07.474	159.215	159.281			6
2026.05.29	00:39:09.881	159.220	159.286			6
2026.05.29	00:39:11.081	159.218	159.284			6
2026.05.29	00:39:14.389	159.216	159.282			6
2026.05.29	00:39:20.704	159.215	159.281			6
2026.05.29	00:39:21.305	159.216	159.282			6
2026.05.29	00:39:22.206	159.220	159.286			6
2026.05.29	00:39:22.506	159.219	159.285			6
2026.05.29	00:39:23.410	159.216	159.282			6
2026.05.29	00:39:24.915	159.218	159.284			6
2026.05.29	00:39:29.128	159.217	159.283			6
2026.05.29	00:39:29.433	159.218	159.284			6
2026.05.29	00:39:31.539	159.217	159.283			6
2026.05.29	00:39:38.153	159.216	159.282			6
2026.05.29	00:39:39.658	159.218	159.284			6
2026.05.29	00:39:41.167	159.217	159.283			6
2026.05.29	00:39:52.299	159.216	159.282			6
2026.05.29	00:39:55.306	159.215	159.281			6
2026.05.29	00:40:00.116	159.215				2
2026.05.29	00:40:01.321	159.214	159.280			6
2026.05.29	00:40:01.926	159.217	159.283			6
2026.05.29	00:40:06.748	159.216	159.282			6
2026.05.29	00:40:15.777	159.217	159.283			6
2026.05.29	00:40:16.077	159.216	159.282			6
2026.05.29	00:40:26.017	159.217	159.283			6
2026.05.29	00:40:29.330	159.215	159.281			6
2026.05.29	00:40:32.340	159.214	159.280			6
2026.05.29	00:40:38.952	159.218	159.284			6
2026.05.29	00:40:39.552	159.217	159.283			6
2026.05.29	00:40:40.154	159.215	159.281			6
2026.05.29	00:40:42.556	159.214	159.280			6
2026.05.29	00:40:43.768	159.212				2
2026.05.29	00:40:47.378	159.211				2
2026.05.29	00:40:49.182	159.212				2
2026.05.29	00:41:00.012	159.212				2
2026.05.29	00:41:02.418	159.211				2
2026.05.29	00:41:07.549	159.214				2
2026.05.29	00:41:12.658	159.211				2
2026.05.29	00:41:35.836	159.214				2
2026.05.29	00:41:37.340	159.211				2
2026.05.29	00:41:37.640	159.213				2
2026.05.29	00:41:42.447	159.212				2
2026.05.29	00:41:42.748		159.280			4
2026.05.29	00:41:50.872	159.214				2
2026.05.29	00:41:51.172	159.216				2
2026.05.29	00:42:00.191	159.216				2
2026.05.29	00:42:05.300	159.213				2
2026.05.29	00:42:05.600	159.216				2
2026.05.29	00:42:18.838	159.215				2
2026.05.29	00:42:20.343	159.212				2
2026.05.29	00:42:20.642	159.213				2
2026.05.29	00:42:22.747	159.216				2
2026.05.29	00:42:23.347	159.217				2
2026.05.29	00:42:23.947	159.216				2
2026.05.29	00:42:24.248	159.217				2
2026.05.29	00:42:24.549	159.216				2
2026.05.29	00:42:27.551	159.217				2
2026.05.29	00:42:27.852	159.213				2
2026.05.29	00:42:33.576	159.214				2
2026.05.29	00:42:37.197	159.215				2
2026.05.29	00:42:37.497	159.214				2
2026.05.29	00:42:37.799	159.213				2
2026.05.29	00:42:41.103	159.214				2
2026.05.29	00:42:42.913	159.213	159.280			6
2026.05.29	00:42:53.743	159.215	159.281			6
2026.05.29	00:42:54.346	159.214	159.280			6
2026.05.29	00:42:57.049	159.212				2
2026.05.29	00:43:00.055	159.212				2
2026.05.29	00:43:04.875	159.214				2
2026.05.29	00:43:05.475	159.213				2
2026.05.29	00:43:06.975	159.212				2
2026.05.29	00:43:19.615	159.214				2
2026.05.29	00:43:54.496		159.280			4
2026.05.29	00:44:00.209	159.214				2
2026.05.29	00:44:07.425	159.213				2
2026.05.29	00:44:40.815	159.211				2
2026.05.29	00:44:41.115	159.210				2
2026.05.29	00:44:46.233	159.209				2
2026.05.29	00:44:54.654		159.280			4
2026.05.29	00:45:00.061	159.209				2
2026.05.29	00:45:00.662	159.208				2
2026.05.29	00:45:06.977	159.215	159.281			6
2026.05.29	00:45:10.886	159.214	159.280			6
2026.05.29	00:45:16.610		159.277			4
2026.05.29	00:46:00.243	159.214				2
2026.05.29	00:46:16.784		159.277			4
2026.05.29	00:47:00.135	159.214				2
2026.05.29	00:47:02.842		159.281			4
2026.05.29	00:47:05.247		159.275			4
2026.05.29	00:47:05.851		159.277			4
2026.05.29	00:48:00.035	159.214				2
2026.05.29	00:48:06.047		159.277			4
2026.05.29	00:49:00.193	159.214				2
2026.05.29	00:49:06.203		159.277			4
2026.05.29	00:49:39.877		159.278			4
2026.05.29	00:50:00.034	159.214				2
2026.05.29	00:50:09.356	159.210				2
2026.05.29	00:50:34.774		159.277			4
2026.05.29	00:51:00.050	159.210				2
2026.05.29	00:51:34.948		159.277			4
2026.05.29	00:52:00.224	159.210				2
2026.05.29	00:52:39.043		159.277			4
2026.05.29	00:53:00.206	159.210				2
2026.05.29	00:53:39.101		159.277			4
2026.05.29	00:53:51.582	159.211				2
2026.05.29	00:53:54.028	159.210				2
2026.05.29	00:54:00.042	159.210				2
2026.05.29	00:54:23.211	159.215				2
2026.05.29	00:54:28.921	159.210				2
2026.05.29	00:54:30.125	159.215				2
2026.05.29	00:54:32.231	159.216				2
2026.05.29	00:54:32.532	159.215				2
2026.05.29	00:54:32.832	159.218				2
2026.05.29	00:54:33.135	159.221				2
2026.05.29	00:54:34.340	159.220				2
2026.05.29	00:54:39.149		159.277			4
2026.05.29	00:54:53.581	159.217				2
2026.05.29	00:54:54.183	159.218				2
2026.05.29	00:55:00.209	159.218				2
2026.05.29	00:55:00.509	159.215				2
2026.05.29	00:55:00.808	159.214				2
2026.05.29	00:55:02.919	159.209				2
2026.05.29	00:55:08.433	159.208				2
2026.05.29	00:55:09.034	159.210				2
2026.05.29	00:55:09.638	159.212				2
2026.05.29	00:55:09.940		159.275			4
2026.05.29	00:55:31.151	159.211				2
2026.05.29	00:56:00.019	159.211				2
2026.05.29	00:56:04.823		159.273			4
2026.05.29	00:56:47.848	159.230				2
2026.05.29	00:56:48.148	159.211	159.253			6
2026.05.29	00:56:48.451	159.230	159.273			6
2026.05.29	00:56:48.747	159.211	159.253			6
2026.05.29	00:56:49.351	159.230	159.273			6
2026.05.29	00:56:49.650	159.211	159.253			6
2026.05.29	00:56:49.952	159.230	159.273			6
2026.05.29	00:56:50.547	159.211	159.253			6
2026.05.29	00:56:51.448		159.273			4
2026.05.29	00:57:00.174	159.211				2
2026.05.29	00:57:51.633		159.273			4
2026.05.29	00:57:53.145	159.210				2
2026.05.29	00:58:00.050	159.210				2
2026.05.29	00:58:47.555	159.213	159.281			6
2026.05.29	00:58:58.982		159.282			4
2026.05.29	00:59:00.190	159.213				2
2026.05.29	00:59:19.424	159.207	159.279			6
2026.05.29	00:59:19.722	159.206				2
2026.05.29	00:59:30.547	159.213	159.282			6
2026.05.29	00:59:37.152	159.215				2
2026.05.29	00:59:37.756	159.220	159.287			6
2026.05.29	00:59:49.181	159.225	159.289			6
2026.05.29	01:00:00.013	159.225				2
2026.05.29	01:00:00.306	159.256	159.261			6
2026.05.29	01:00:00.607	159.247	159.251			6
2026.05.29	01:00:00.905	159.249	159.254			6
2026.05.29	01:00:01.216	159.215	159.285			6
2026.05.29	01:00:01.513	159.247	159.260			6
2026.05.29	01:00:01.806	159.249	159.262			6
2026.05.29	01:00:02.108	159.248	159.261			6
2026.05.29	01:00:03.008	159.249	159.262			6
2026.05.29	01:00:03.309	159.218	159.292			6
2026.05.29	01:00:03.609	159.215				2
2026.05.29	01:00:04.212	159.211				2
2026.05.29	01:00:04.513	159.239	159.244			6
2026.05.29	01:00:04.812	159.210	159.287			6
2026.05.29	01:00:05.112	159.250	159.255			6
2026.05.29	01:00:05.412	159.213	159.287			6
2026.05.29	01:00:05.711	159.249	159.254			6
2026.05.29	01:00:06.013	159.248	159.253			6
2026.05.29	01:00:07.215	159.247	159.252			6
2026.05.29	01:00:08.117	159.248	159.253			6
2026.05.29	01:00:08.416	159.251	159.256			6
2026.05.29	01:00:09.618	159.252	159.257			6
2026.05.29	01:00:09.917	159.256	159.261			6
2026.05.29	01:00:10.817	159.255	159.260			6
2026.05.29	01:00:11.720	159.256	159.261			6
2026.05.29	01:00:14.424	159.255	159.260			6
2026.05.29	01:00:15.629	159.254	159.259			6
2026.05.29	01:00:15.930	159.259	159.264			6
2026.05.29	01:00:16.230	159.261	159.266			6
2026.05.29	01:00:16.833	159.260	159.265			6
2026.05.29	01:00:18.335	159.266	159.271			6
2026.05.29	01:00:18.633	159.265	159.270			6
2026.05.29	01:00:18.934	159.262	159.267			6
2026.05.29	01:00:19.534	159.266	159.271			6
2026.05.29	01:00:25.243	159.263	159.268			6
2026.05.29	01:00:25.845	159.265	159.270			6
2026.05.29	01:00:26.445	159.266	159.271			6
2026.05.29	01:00:27.647	159.265	159.270			6
2026.05.29	01:00:27.948	159.266	159.271			6
2026.05.29	01:00:31.258	159.268	159.273			6
2026.05.29	01:00:31.555	159.267	159.272			6
2026.05.29	01:00:31.857	159.266	159.271			6
2026.05.29	01:00:32.451	159.267	159.272			6
2026.05.29	01:00:36.653	159.269	159.274			6
2026.05.29	01:00:38.159	159.267	159.272			6
2026.05.29	01:00:40.262	159.269	159.270			6
2026.05.29	01:00:42.360	159.272	159.273			6
2026.05.29	01:00:42.664	159.275	159.276			6
2026.05.29	01:00:55.881	159.274	159.275			6
2026.05.29	01:01:00.093	159.274				2
2026.05.29	01:01:00.389	159.273	159.274			6
2026.05.29	01:01:03.996	159.272	159.273			6
2026.05.29	01:01:05.196	159.271	159.272			6
2026.05.29	01:01:16.317	159.270	159.271			6
2026.05.29	01:01:23.833	159.269	159.270			6
2026.05.29	01:01:25.640	159.270	159.271			6
2026.05.29	01:01:28.041	159.271	159.272			6
2026.05.29	01:01:28.649	159.270	159.271			6
2026.05.29	01:01:45.457	159.271	159.272			6
2026.05.29	01:02:00.188	159.271				2
2026.05.29	01:02:05.298	159.270	159.271			6
2026.05.29	01:02:08.601	159.268	159.269			6
2026.05.29	01:02:29.941	159.267	159.268			6
2026.05.29	01:02:35.649	159.268	159.269			6
2026.05.29	01:02:52.181	159.270	159.271			6
2026.05.29	01:02:52.778	159.271	159.272			6
2026.05.29	01:02:53.378	159.270	159.271			6
2026.05.29	01:02:55.480	159.268	159.269			6
2026.05.29	01:02:56.985	159.267	159.268			6
2026.05.29	01:02:59.083	159.268	159.269			6
2026.05.29	01:03:00.291	159.268				2
2026.05.29	01:03:00.587	159.267	159.268			6
2026.05.29	01:03:02.992	159.256	159.257			6
2026.05.29	01:03:03.291	159.255	159.256			6
2026.05.29	01:03:03.888	159.256	159.257			6
2026.05.29	01:03:04.490	159.257	159.258			6
2026.05.29	01:03:06.890	159.259	159.260			6
2026.05.29	01:03:07.194	159.262	159.263			6
2026.05.29	01:03:08.100	159.264	159.265			6
2026.05.29	01:03:08.396	159.265	159.266			6
2026.05.29	01:03:08.698	159.264	159.265			6
2026.05.29	01:03:08.997	159.263	159.264			6
2026.05.29	01:03:09.898	159.264	159.265			6
2026.05.29	01:03:16.509	159.263	159.264			6
2026.05.29	01:03:20.118	159.259	159.260			6
2026.05.29	01:03:20.418	159.261	159.262			6
2026.05.29	01:03:24.020	159.263	159.264			6
2026.05.29	01:03:32.740	159.262	159.263			6
2026.05.29	01:03:34.238	159.263	159.264			6
2026.05.29	01:03:37.546	159.265	159.266			6
2026.05.29	01:03:38.143	159.264	159.265			6
2026.05.29	01:03:38.746	159.263	159.264			6
2026.05.29	01:03:39.350	159.264	159.265			6
2026.05.29	01:03:40.246	159.263	159.264			6
2026.05.29	01:03:41.749	159.264	159.265			6
2026.05.29	01:03:42.049	159.263	159.264			6
2026.05.29	01:03:43.551	159.266	159.267			6
2026.05.29	01:03:44.149	159.264	159.265			6
2026.05.29	01:03:44.450	159.263	159.264			6
2026.05.29	01:03:47.455	159.262	159.263			6
2026.05.29	01:03:48.056	159.265	159.266			6
2026.05.29	01:03:55.564	159.263	159.264			6
2026.05.29	01:04:00.082	159.263				2
2026.05.29	01:04:02.182	159.262	159.263			6
2026.05.29	01:04:02.480	159.263	159.264			6
2026.05.29	01:04:06.389	159.262	159.263			6
2026.05.29	01:04:09.695	159.263	159.264			6
2026.05.29	01:04:10.299	159.268	159.269			6
2026.05.29	01:04:14.807	159.267	159.268			6
2026.05.29	01:04:15.706	159.268	159.269			6
2026.05.29	01:04:20.208	159.266	159.267			6
2026.05.29	01:04:22.012	159.265	159.266			6
2026.05.29	01:04:23.519	159.266	159.267			6
2026.05.29	01:04:34.644	159.265	159.266			6
2026.05.29	01:04:35.848	159.262	159.263			6
2026.05.29	01:04:36.146	159.261	159.262			6
2026.05.29	01:04:39.152	159.262	159.263			6
2026.05.29	01:04:45.163	159.261	159.262			6
2026.05.29	01:04:50.576	159.260	159.261			6
2026.05.29	01:04:51.777	159.261	159.262			6
2026.05.29	01:04:53.577	159.260	159.261			6
2026.05.29	01:04:59.885	159.261	159.262			6
2026.05.29	01:05:00.186	159.261				2
2026.05.29	01:05:00.791	159.260	159.261			6
2026.05.29	01:05:01.087	159.261	159.262			6
2026.05.29	01:05:01.385	159.262	159.263			6
2026.05.29	01:05:02.589	159.260	159.261			6
2026.05.29	01:05:08.003	159.245	159.246			6
2026.05.29	01:05:08.301	159.241	159.242			6
2026.05.29	01:05:09.509	159.240	159.241			6
2026.05.29	01:05:10.105	159.241	159.242			6
2026.05.29	01:05:13.116	159.239	159.240			6
2026.05.29	01:05:13.420	159.240	159.241			6
2026.05.29	01:05:14.316	159.245	159.247			6
2026.05.29	01:05:14.617	159.246	159.248			6
2026.05.29	01:05:17.923	159.247	159.249			6
2026.05.29	01:05:18.226	159.246	159.248			6
2026.05.29	01:05:19.723	159.247	159.249			6
2026.05.29	01:05:22.436	159.244	159.245			6
2026.05.29	01:05:22.729	159.240	159.242			6
2026.05.29	01:05:23.338		159.241			4
2026.05.29	01:05:24.834		159.242			4
2026.05.29	01:05:26.636	159.238	159.240			6
2026.05.29	01:05:26.942	159.240	159.242			6
2026.05.29	01:05:27.839	159.241				2
2026.05.29	01:05:28.139	159.245	159.247			6
2026.05.29	01:05:28.440	159.244	159.246			6
2026.05.29	01:05:29.643	159.246	159.247			6
2026.05.29	01:05:33.250	159.244	159.246			6
2026.05.29	01:05:33.852	159.245				2
2026.05.29	01:05:34.149	159.243	159.245			6
2026.05.29	01:05:34.751	159.245	159.246			6
2026.05.29	01:05:35.047	159.243	159.244			6
2026.05.29	01:05:35.349	159.245	159.247			6
2026.05.29	01:05:35.654	159.246	159.248			6
2026.05.29	01:05:36.553	159.248	159.249			6
2026.05.29	01:05:38.057	159.246	159.248			6
2026.05.29	01:05:39.855	159.245	159.247			6
2026.05.29	01:05:40.152	159.246	159.248			6
2026.05.29	01:05:40.452	159.249	159.250			6
2026.05.29	01:05:42.857	159.250	159.251			6
2026.05.29	01:05:45.261	159.249	159.250			6
2026.05.29	01:05:46.767	159.250	159.251			6
2026.05.29	01:05:48.575		159.252			4
2026.05.29	01:05:50.379	159.251	159.253			6
2026.05.29	01:05:51.276	159.250	159.251			6
2026.05.29	01:05:51.881	159.249				2
2026.05.29	01:05:53.079	159.250				2
2026.05.29	01:05:56.083	159.249				2
2026.05.29	01:05:58.486	159.250				2
2026.05.29	01:06:00.295	159.250				2
2026.05.29	01:06:01.498	159.251	159.252			6
2026.05.29	01:06:05.704		159.253			4
2026.05.29	01:06:06.005	159.252				2
2026.05.29	01:06:06.300	159.249	159.251			6
2026.05.29	01:06:07.200	159.250	159.252			6
2026.05.29	01:06:10.209	159.249	159.251			6
2026.05.29	01:06:15.320	159.250				2
2026.05.29	01:06:19.525	159.251	159.252			6
2026.05.29	01:06:19.825	159.250	159.251			6
2026.05.29	01:06:20.127	159.249	159.250			6
2026.05.29	01:06:24.934	159.248	159.249			6
2026.05.29	01:06:30.650	159.253	159.254			6
2026.05.29	01:06:30.950	159.252	159.253			6
2026.05.29	01:06:31.852	159.253	159.254			6
2026.05.29	01:06:32.452	159.252	159.253			6
2026.05.29	01:06:33.952	159.253	159.254			6
2026.05.29	01:06:38.158	159.254	159.255			6
2026.05.29	01:06:39.660	159.253	159.254			6
2026.05.29	01:06:40.562	159.254	159.255			6
2026.05.29	01:06:40.863	159.256	159.257			6
2026.05.29	01:06:42.970	159.255	159.256			6
2026.05.29	01:06:45.378	159.253	159.254			6
2026.05.29	01:06:45.680	159.254	159.255			6
2026.05.29	01:06:45.981	159.253	159.254			6
2026.05.29	01:06:47.481	159.254	159.255			6
2026.05.29	01:06:55.595	159.256	159.257			6
2026.05.29	01:07:00.110	159.256				2
2026.05.29	01:07:04.611	159.255	159.256			6
2026.05.29	01:07:06.716	159.254	159.255			6
2026.05.29	01:07:10.926	159.253	159.254			6
2026.05.29	01:07:16.943	159.254	159.255			6
2026.05.29	01:07:21.451	159.249	159.250			6
2026.05.29	01:07:58.727	159.250	159.251			6
2026.05.29	01:08:00.236	159.250				2
2026.05.29	01:08:01.738	159.248	159.249			6
2026.05.29	01:08:02.346	159.250	159.251			6
2026.05.29	01:08:02.645	159.249	159.250			6
2026.05.29	01:08:02.947	159.250	159.251			6
2026.05.29	01:08:03.247	159.249	159.250			6
2026.05.29	01:08:04.149	159.250	159.251			6
2026.05.29	01:08:09.857	159.249	159.250			6
2026.05.29	01:08:12.256	159.250	159.251			6
2026.05.29	01:08:15.562	159.249	159.250			6
2026.05.29	01:08:17.669	159.250	159.251			6
2026.05.29	01:08:20.076	159.249	159.250			6
2026.05.29	01:08:21.884	159.250	159.251			6
2026.05.29	01:08:22.181	159.249	159.250			6
2026.05.29	01:08:32.692	159.250	159.251			6
2026.05.29	01:08:33.590	159.249	159.250			6
2026.05.29	01:08:34.194	159.250	159.251			6
2026.05.29	01:08:43.505	159.248	159.249			6
2026.05.29	01:08:43.808	159.247	159.248			6
2026.05.29	01:08:44.112	159.248	159.249			6
2026.05.29	01:08:46.214	159.249	159.250			6
2026.05.29	01:08:46.514	159.241	159.242			6
2026.05.29	01:08:46.808	159.239	159.240			6
2026.05.29	01:08:47.109	159.240	159.241			6
2026.05.29	01:08:49.819	159.241	159.242			6
2026.05.29	01:08:50.122	159.239	159.240			6
2026.05.29	01:08:50.424	159.240	159.241			6
2026.05.29	01:08:51.327	159.239	159.240			6
2026.05.29	01:08:51.621	159.240	159.241			6
2026.05.29	01:08:54.327	159.239	159.240			6
2026.05.29	01:08:54.624	159.240	159.241			6
2026.05.29	01:08:54.929	159.239	159.240			6
2026.05.29	01:08:55.522	159.238	159.239			6
2026.05.29	01:08:56.130	159.239	159.240			6
2026.05.29	01:08:56.424	159.238	159.239			6
2026.05.29	01:08:57.031	159.237	159.238			6
2026.05.29	01:08:57.327	159.236	159.237			6
2026.05.29	01:08:57.631	159.237	159.238			6
2026.05.29	01:08:58.228	159.238	159.239			6
2026.05.29	01:08:58.533	159.237	159.238			6
2026.05.29	01:08:58.835	159.238	159.239			6
2026.05.29	01:09:00.030	159.238				2
2026.05.29	01:09:01.541	159.237	159.238			6
2026.05.29	01:09:03.038	159.238	159.239			6
2026.05.29	01:09:06.640	159.237	159.238			6
2026.05.29	01:09:17.457	159.238	159.239			6
2026.05.29	01:09:17.758	159.237	159.238			6
2026.05.29	01:09:18.359	159.232	159.233			6
2026.05.29	01:09:18.667	159.228	159.229			6
2026.05.29	01:09:18.956	159.230	159.231			6
2026.05.29	01:09:20.163	159.231	159.232			6
2026.05.29	01:09:20.764	159.235	159.236			6
2026.05.29	01:09:21.062	159.238	159.239			6
2026.05.29	01:09:21.967	159.239	159.240			6
2026.05.29	01:09:29.182	159.240	159.241			6
2026.05.29	01:09:31.582	159.239	159.240			6
2026.05.29	01:09:31.877	159.243	159.244			6
2026.05.29	01:09:33.078	159.245	159.246			6
2026.05.29	01:09:34.280	159.244	159.245			6
2026.05.29	01:09:35.783	159.243	159.244			6
2026.05.29	01:09:36.987	159.242	159.243			6
2026.05.29	01:09:40.600	159.243	159.244			6
2026.05.29	01:09:50.519	159.244	159.245			6
2026.05.29	01:09:50.813	159.243	159.244			6
2026.05.29	01:09:59.541	159.244	159.245			6
2026.05.29	01:09:59.841	159.243	159.244			6
2026.05.29	01:10:00.142	159.244	159.245			6
2026.05.29	01:10:00.438	159.243	159.244			6
2026.05.29	01:10:01.951	159.246	159.247			6
2026.05.29	01:10:02.248	159.245	159.246			6
2026.05.29	01:10:10.358	159.244	159.245			6
2026.05.29	01:10:10.656	159.245	159.246			6
2026.05.29	01:10:16.057	159.244	159.245			6
2026.05.29	01:10:16.957	159.245	159.246			6
2026.05.29	01:10:20.873	159.244	159.245			6
2026.05.29	01:10:21.467	159.245	159.246			6
2026.05.29	01:10:37.091	159.244	159.245			6
2026.05.29	01:10:37.693	159.245	159.246			6
2026.05.29	01:10:40.103	159.246	159.247			6
2026.05.29	01:10:40.401	159.245	159.246			6
2026.05.29	01:10:40.702	159.246	159.247			6
2026.05.29	01:10:41.003	159.245	159.246			6
2026.05.29	01:10:41.302	159.246	159.247			6
2026.05.29	01:10:41.601	159.245	159.246			6
2026.05.29	01:10:41.903	159.246	159.247			6
2026.05.29	01:10:42.202	159.245	159.246			6
2026.05.29	01:10:42.502	159.246	159.247			6
2026.05.29	01:10:42.809	159.245	159.246			6
2026.05.29	01:10:43.110	159.246	159.247			6
2026.05.29	01:10:43.401	159.245	159.246			6
2026.05.29	01:10:52.415	159.246	159.247			6
2026.05.29	01:11:00.232	159.246				2
2026.05.29	01:11:11.952	159.240	159.241			6
2026.05.29	01:11:12.248	159.241	159.242			6
2026.05.29	01:11:13.750	159.246	159.247			6
2026.05.29	01:11:14.052	159.245	159.246			6
2026.05.29	01:11:14.350	159.243	159.244			6
2026.05.29	01:11:14.652	159.244	159.245			6
2026.05.29	01:11:15.256	159.241	159.242			6
2026.05.29	01:11:15.553	159.240	159.241			6
2026.05.29	01:11:16.151	159.241	159.242			6
2026.05.29	01:11:16.756	159.242	159.243			6
2026.05.29	01:11:25.462	159.243	159.244			6
2026.05.29	01:11:25.768	159.242	159.243			6
2026.05.29	01:11:26.069	159.243	159.244			6
2026.05.29	01:11:30.278	159.242	159.243			6
2026.05.29	01:11:30.887	159.243	159.244			6
2026.05.29	01:11:32.079	159.244	159.245			6
2026.05.29	01:11:37.796	159.242	159.243			6
2026.05.29	01:11:38.097	159.243	159.244			6
2026.05.29	01:11:41.410	159.242	159.243			6
2026.05.29	01:11:45.921	159.243	159.244			6
2026.05.29	01:11:51.630	159.242	159.243			6
2026.05.29	01:11:51.923	159.243	159.244			6
2026.05.29	01:11:54.927	159.242	159.243			6
2026.05.29	01:11:55.228	159.240	159.241			6
2026.05.29	01:11:55.831	159.239	159.240			6
2026.05.29	01:11:56.428	159.240	159.241			6
2026.05.29	01:11:56.729	159.239	159.240			6
2026.05.29	01:11:57.029	159.240	159.241			6
2026.05.29	01:12:00.039	159.240				2
2026.05.29	01:12:01.536	159.241	159.242			6
2026.05.29	01:12:02.138	159.240	159.241			6
2026.05.29	01:12:03.638	159.239	159.240			6
2026.05.29	01:12:04.240	159.240	159.241			6
2026.05.29	01:12:05.744	159.241	159.242			6
2026.05.29	01:12:06.948	159.242	159.243			6
2026.05.29	01:12:09.650	159.241	159.242			6
2026.05.29	01:12:10.850	159.240	159.241			6
2026.05.29	01:12:24.981	159.239	159.240			6
2026.05.29	01:12:41.807	159.240	159.241			6
2026.05.29	01:12:55.334	159.239	159.240			6
2026.05.29	01:12:56.236	159.240	159.241			6
2026.05.29	01:13:00.144	159.240				2
2026.05.29	01:13:19.071	159.241	159.242			6
2026.05.29	01:13:22.678	159.240	159.241			6
2026.05.29	01:13:22.980	159.241	159.242			6
2026.05.29	01:13:23.582	159.240	159.241			6
2026.05.29	01:13:24.182	159.241	159.242			6
2026.05.29	01:13:24.479	159.240	159.241			6
2026.05.29	01:13:25.378	159.241	159.242			6
2026.05.29	01:13:31.404	159.240	159.241			6
2026.05.29	01:13:46.149	159.239	159.240			6
2026.05.29	01:13:53.054	159.240	159.241			6
2026.05.29	01:14:00.273	159.240				2
2026.05.29	01:14:03.280	159.239	159.240			6
2026.05.29	01:14:06.287	159.231	159.232			6
2026.05.29	01:14:06.582	159.232	159.233			6
2026.05.29	01:14:06.883	159.233	159.234			6
2026.05.29	01:14:11.995	159.234	159.235			6
2026.05.29	01:14:16.202	159.235	159.236			6
2026.05.29	01:14:29.439	159.236	159.237			6
2026.05.29	01:14:30.643	159.235	159.236			6
2026.05.29	01:14:34.559	159.236	159.237			6
2026.05.29	01:14:40.554	159.230	159.231			6
2026.05.29	01:14:41.454	159.231	159.232			6
2026.05.29	01:15:00.105	159.231				2
2026.05.29	01:15:00.995	159.230	159.231			6
2026.05.29	01:15:11.518	159.231	159.232			6
2026.05.29	01:15:14.530	159.242	159.243			6
2026.05.29	01:15:14.830	159.247	159.248			6
2026.05.29	01:15:17.540	159.246	159.247			6
2026.05.29	01:15:31.673	159.244	159.245			6
2026.05.29	01:15:31.975	159.246	159.247			6
2026.05.29	01:15:32.575	159.247	159.248			6
2026.05.29	01:15:41.286	159.246	159.247			6
2026.05.29	01:15:48.508	159.248	159.249			6
2026.05.29	01:16:00.248	159.248				2
2026.05.29	01:16:18.280	159.247	159.248			6
2026.05.29	01:16:32.098	159.246	159.247			6
2026.05.29	01:16:35.401	159.245	159.246			6
2026.05.29	01:16:47.721	159.244	159.245			6
2026.05.29	01:16:48.318	159.245	159.246			6
2026.05.29	01:16:49.223	159.244	159.245			6
2026.05.29	01:16:49.522	159.245	159.246			6
2026.05.29	01:16:49.828	159.244	159.245			6
2026.05.29	01:16:50.126	159.245	159.246			6
2026.05.29	01:16:57.345	159.244	159.245			6
2026.05.29	01:16:57.946	159.245	159.246			6
2026.05.29	01:17:00.057	159.245				2
2026.05.29	01:17:29.227	159.246	159.247			6
2026.05.29	01:17:37.050	159.245	159.246			6
2026.05.29	01:17:37.652	159.246	159.247			6
2026.05.29	01:17:44.877	159.245	159.246			6
2026.05.29	01:17:45.774	159.246	159.247			6
2026.05.29	01:18:00.210	159.246				2
2026.05.29	01:18:02.916	159.245	159.246			6
2026.05.29	01:18:30.279	159.246	159.247			6
2026.05.29	01:18:50.420	159.245	159.246			6
2026.05.29	01:19:00.038	159.245				2
2026.05.29	01:19:04.843	159.246	159.247			6
2026.05.29	01:19:29.185	159.247	159.248			6
2026.05.29	01:19:58.337	159.248	159.249			6
2026.05.29	01:20:00.139	159.248				2
2026.05.29	01:20:00.443	159.247	159.248			6
2026.05.29	01:20:00.741	159.248	159.249			6
2026.05.29	01:20:10.357	159.249	159.250			6
2026.05.29	01:20:15.470	159.248	159.249			6
2026.05.29	01:20:16.673	159.249	159.250			6
2026.05.29	01:20:45.218	159.248	159.249			6
2026.05.29	01:20:47.927	159.249	159.250			6
2026.05.29	01:21:00.256	159.249				2
2026.05.29	01:21:03.273	159.250	159.251			6
2026.05.29	01:21:03.875	159.249	159.250			6
2026.05.29	01:21:08.388	159.248	159.249			6
2026.05.29	01:21:10.495	159.249	159.250			6
2026.05.29	01:21:25.827	159.248	159.249			6
2026.05.29	01:21:43.270	159.249	159.250			6
2026.05.29	01:21:51.983	159.247	159.248			6
2026.05.29	01:21:52.283	159.246	159.247			6
2026.05.29	01:21:52.890	159.242	159.243			6
2026.05.29	01:21:53.487	159.243	159.244			6
2026.05.29	01:21:53.785	159.244	159.245			6
2026.05.29	01:21:56.490	159.243	159.244			6
2026.05.29	01:21:57.699	159.244	159.245			6
2026.05.29	01:21:57.992	159.247	159.248			6
2026.05.29	01:21:59.795	159.249	159.250			6
2026.05.29	01:22:00.097	159.249				2
2026.05.29	01:22:02.202	159.247	159.248			6
2026.05.29	01:22:02.502	159.248	159.249			6
2026.05.29	01:22:08.223	159.250	159.251			6
2026.05.29	01:22:10.623	159.249	159.250			6
2026.05.29	01:22:10.927	159.250	159.251			6
2026.05.29	01:22:13.947	159.248	159.249			6
2026.05.29	01:22:14.847	159.249	159.250			6
2026.05.29	01:22:15.150	159.248	159.249			6
2026.05.29	01:22:19.355	159.249	159.250			6
2026.05.29	01:22:20.258	159.247	159.248			6
2026.05.29	01:22:20.853	159.248	159.249			6
2026.05.29	01:22:26.263	159.249	159.250			6
2026.05.29	01:22:27.472	159.247	159.248			6
2026.05.29	01:22:28.674	159.248	159.249			6
2026.05.29	01:22:33.483	159.247	159.248			6
2026.05.29	01:22:34.984	159.248	159.249			6
2026.05.29	01:22:44.603	159.249	159.250			6
2026.05.29	01:22:44.902	159.248	159.249			6
2026.05.29	01:22:46.410	159.247	159.248			6
2026.05.29	01:22:47.312	159.248	159.249			6
2026.05.29	01:22:48.514	159.250	159.251			6
2026.05.29	01:22:53.628	159.249	159.250			6
2026.05.29	01:22:56.337	159.250	159.251			6
2026.05.29	01:22:56.939	159.249	159.250			6
2026.05.29	01:23:00.244	159.249				2
2026.05.29	01:23:01.145	159.248	159.249			6
2026.05.29	01:23:02.046	159.249	159.250			6
2026.05.29	01:23:03.555	159.248	159.249			6
2026.05.29	01:23:06.552	159.249	159.250			6
2026.05.29	01:23:09.861	159.248	159.249			6
2026.05.29	01:23:33.620	159.245	159.246			6
2026.05.29	01:23:40.237	159.246	159.247			6
2026.05.29	01:24:00.071	159.246				2
2026.05.29	01:24:00.377	159.247	159.248			6
2026.05.29	01:24:00.670	159.246	159.247			6
2026.05.29	01:24:01.879	159.247	159.248			6
2026.05.29	01:24:09.987	159.246	159.247			6
2026.05.29	01:24:10.894	159.247	159.248			6
2026.05.29	01:24:28.632	159.246	159.247			6
2026.05.29	01:24:47.272	159.247	159.248			6
2026.05.29	01:24:50.577	159.246	159.247			6
2026.05.29	01:24:59.308	159.247	159.248			6
2026.05.29	01:25:00.209	159.247				2
2026.05.29	01:25:03.512	159.246	159.247			6
2026.05.29	01:25:07.718	159.243	159.244			6
2026.05.29	01:25:08.018	159.245	159.246			6
2026.05.29	01:25:15.549	159.244	159.245			6
2026.05.29	01:25:16.156	159.245	159.246			6
2026.05.29	01:25:17.650	159.244	159.245			6
2026.05.29	01:25:17.951	159.245	159.246			6
2026.05.29	01:25:18.252	159.244	159.245			6
2026.05.29	01:25:35.694	159.245	159.246			6
2026.05.29	01:26:00.063	159.245				2
2026.05.29	01:26:12.086	159.246	159.247			6
2026.05.29	01:27:00.186	159.246				2
2026.05.29	01:27:00.485	159.253	159.254			6
2026.05.29	01:27:00.786	159.254	159.255			6
2026.05.29	01:27:30.849	159.257	159.258			6
2026.05.29	01:27:31.150	159.258	159.259			6
2026.05.29	01:27:40.762	159.257	159.258			6
2026.05.29	01:27:41.663	159.254	159.255			6
2026.05.29	01:27:41.965	159.253	159.254			6
2026.05.29	01:27:47.377	159.254	159.255			6
2026.05.29	01:28:00.301	159.254				2
2026.05.29	01:28:03.612	159.253	159.254			6
2026.05.29	01:28:07.817	159.254	159.255			6
2026.05.29	01:28:10.816	159.253	159.254			6
2026.05.29	01:28:11.125	159.254	159.255			6
2026.05.29	01:28:24.046	159.255	159.256			6
2026.05.29	01:28:24.343	159.254	159.255			6
2026.05.29	01:29:00.112	159.254				2
2026.05.29	01:29:04.918	159.256	159.257			6
2026.05.29	01:29:05.818	159.254	159.255			6
2026.05.29	01:29:06.120	159.256	159.257			6
2026.05.29	01:29:06.426	159.254	159.255			6
2026.05.29	01:29:07.333	159.256	159.257			6
2026.05.29	01:29:08.238	159.254	159.255			6
2026.05.29	01:29:15.749	159.253	159.254			6
2026.05.29	01:29:19.052	159.254	159.255			6
2026.05.29	01:29:30.179	159.255	159.256			6
2026.05.29	01:29:55.435	159.254	159.255			6
2026.05.29	01:30:00.250	159.254				2
2026.05.29	01:30:00.560	159.255	159.256			6
2026.05.29	01:30:03.552	159.257	159.258			6
2026.05.29	01:30:04.152	159.258	159.259			6
2026.05.29	01:30:05.053	159.263	159.264			6
2026.05.29	01:30:05.353	159.265	159.266			6
2026.05.29	01:30:08.059	159.266	159.267			6
2026.05.29	01:30:08.957	159.267	159.268			6
2026.05.29	01:30:16.185	159.268	159.269			6
2026.05.29	01:30:18.285	159.267	159.268			6
2026.05.29	01:30:19.183	159.268	159.269			6
2026.05.29	01:30:20.998	159.266	159.267			6
2026.05.29	01:30:25.202	159.265	159.266			6
2026.05.29	01:30:25.503	159.266	159.267			6
2026.05.29	01:30:32.116	159.267	159.268			6
2026.05.29	01:30:33.618	159.277	159.278			6
2026.05.29	01:30:33.918	159.279	159.280			6
2026.05.29	01:30:34.518	159.280	159.281			6
2026.05.29	01:30:35.122	159.279				2
2026.05.29	01:30:40.249	159.280				2
2026.05.29	01:30:40.544	159.279	159.280			6
2026.05.29	01:30:43.844	159.280	159.281			6
2026.05.29	01:30:47.752	159.281	159.282			6
2026.05.29	01:30:48.958	159.280	159.281			6
2026.05.29	01:30:59.177	159.281	159.282			6
2026.05.29	01:31:00.074	159.281				2
2026.05.29	01:31:06.684	159.280	159.281			6
2026.05.29	01:31:08.490	159.281	159.282			6
2026.05.29	01:31:09.396	159.280	159.281			6
2026.05.29	01:31:11.801	159.281	159.282			6
2026.05.29	01:31:21.420	159.280	159.281			6
2026.05.29	01:31:24.724	159.279	159.280			6
2026.05.29	01:31:25.326	159.278	159.279			6
2026.05.29	01:31:27.431	159.279	159.280			6
2026.05.29	01:31:33.150	159.278	159.279			6
2026.05.29	01:31:35.250	159.279	159.280			6
2026.05.29	01:32:00.203	159.279				2
2026.05.29	01:32:01.405	159.280	159.281			6
2026.05.29	01:32:01.998	159.279	159.280			6
2026.05.29	01:32:33.570	159.278	159.279			6
2026.05.29	01:32:41.980	159.277	159.278			6
2026.05.29	01:32:51.897	159.278	159.279			6
2026.05.29	01:33:00.017	159.278				2
2026.05.29	01:33:02.430	159.277	159.278			6
2026.05.29	01:33:03.337	159.267	159.268			6
2026.05.29	01:33:03.629	159.265	159.266			6
2026.05.29	01:33:03.929	159.267	159.268			6
2026.05.29	01:33:04.231	159.266				2
2026.05.29	01:33:08.740	159.267				2
2026.05.29	01:33:09.943	159.266				2
2026.05.29	01:33:10.245	159.267				2
2026.05.29	01:33:10.543	159.266				2
2026.05.29	01:33:27.088	159.267				2
2026.05.29	01:33:29.192	159.265	159.266			6
2026.05.29	01:33:35.496	159.266	159.267			6
2026.05.29	01:33:35.798	159.265	159.266			6
2026.05.29	01:33:38.803	159.266	159.267			6
2026.05.29	01:33:40.301	159.265	159.266			6
2026.05.29	01:33:41.207	159.266	159.267			6
2026.05.29	01:33:42.104	159.265				2
2026.05.29	01:33:48.114	159.266				2
2026.05.29	01:33:48.417	159.265				2
2026.05.29	01:33:49.622	159.266	159.268			6
2026.05.29	01:33:52.019	159.265	159.267			6
2026.05.29	01:33:53.529	159.266	159.268			6
2026.05.29	01:34:00.138	159.266				2
2026.05.29	01:34:01.335	159.267				2
2026.05.29	01:34:09.750	159.268	159.269			6
2026.05.29	01:34:13.362	159.267	159.268			6
2026.05.29	01:34:24.182	159.268	159.269			6
2026.05.29	01:34:29.302	159.276	159.277			6
2026.05.29	01:34:29.599	159.277	159.278			6
2026.05.29	01:34:30.199	159.276	159.279			6
2026.05.29	01:34:30.497	159.275	159.278			6
2026.05.29	01:34:32.001	159.276	159.279			6
2026.05.29	01:34:32.308		159.278			4
2026.05.29	01:34:33.210	159.277	159.279			6
2026.05.29	01:34:40.424	159.276	159.278			6
2026.05.29	01:34:41.026	159.277	159.279			6
2026.05.29	01:34:46.451	159.276	159.278			6
2026.05.29	01:34:54.859	159.275	159.277			6
2026.05.29	01:34:55.460	159.268	159.269			6
2026.05.29	01:34:56.365	159.267	159.268			6
2026.05.29	01:34:59.078	159.268	159.269			6
2026.05.29	01:35:00.276	159.268				2
2026.05.29	01:35:15.608	159.266				2
2026.05.29	01:35:22.220	159.267				2
2026.05.29	01:35:33.060	159.268	159.270			6
2026.05.29	01:35:33.653	159.269				2
2026.05.29	01:35:38.765	159.270	159.271			6
2026.05.29	01:35:45.073	159.269	159.270			6
2026.05.29	01:36:00.110	159.269				2
2026.05.29	01:36:01.315	159.268				2
2026.05.29	01:36:05.822	159.269				2
2026.05.29	01:36:11.531	159.270	159.271			6
2026.05.29	01:36:42.187	159.271	159.272			6
2026.05.29	01:36:42.496	159.270	159.271			6
2026.05.29	01:37:00.229	159.270				2
2026.05.29	01:37:05.036	159.269	159.270			6
2026.05.29	01:37:08.945	159.273	159.274			6
2026.05.29	01:37:09.244	159.278	159.279			6
2026.05.29	01:37:10.144		159.280			4
2026.05.29	01:37:23.373	159.277	159.279			6
2026.05.29	01:37:28.483	159.276	159.278			6
2026.05.29	01:37:29.976	159.277	159.279			6
2026.05.29	01:37:32.078	159.276	159.278			6
2026.05.29	01:37:32.680	159.277	159.279			6
2026.05.29	01:37:42.312		159.278			4
2026.05.29	01:37:43.808	159.278	159.279			6
2026.05.29	01:37:47.717	159.277	159.278			6
2026.05.29	01:37:58.246	159.278	159.279			6
2026.05.29	01:37:58.841	159.277	159.278			6
2026.05.29	01:38:00.043	159.277				2
2026.05.29	01:38:10.861	159.278	159.279			6
2026.05.29	01:38:23.790	159.277	159.278			6
2026.05.29	01:38:24.099	159.278	159.279			6
2026.05.29	01:38:44.247	159.280	159.281			6
2026.05.29	01:39:00.183	159.280				2
2026.05.29	01:39:04.079	159.279	159.280			6
2026.05.29	01:39:12.490	159.280	159.281			6
2026.05.29	01:39:17.003	159.279	159.280			6
2026.05.29	01:39:19.702	159.278	159.279			6
2026.05.29	01:39:22.111	159.275	159.276			6
2026.05.29	01:39:22.415	159.276	159.277			6
2026.05.29	01:39:24.826	159.269	159.270			6
2026.05.29	01:39:36.263	159.268	159.269			6
2026.05.29	01:39:37.170	159.269	159.270			6
2026.05.29	01:39:40.778	159.268	159.269			6
2026.05.29	01:39:45.582	159.269	159.270			6
2026.05.29	01:39:56.996	159.267	159.268			6
2026.05.29	01:39:57.301	159.266	159.267			6
2026.05.29	01:39:59.105	159.268	159.269			6
2026.05.29	01:40:00.004	159.268				2
2026.05.29	01:40:11.132	159.269	159.270			6
2026.05.29	01:40:11.731	159.268	159.269			6
2026.05.29	01:40:12.034	159.269	159.270			6
2026.05.29	01:40:21.359	159.268	159.269			6
2026.05.29	01:40:21.659	159.267	159.268			6
2026.05.29	01:40:24.364	159.269	159.270			6
2026.05.29	01:40:27.370	159.267	159.268			6
2026.05.29	01:40:27.973	159.266	159.267			6
2026.05.29	01:40:29.175	159.269	159.270			6
2026.05.29	01:40:29.476	159.268	159.269			6
2026.05.29	01:40:30.681	159.269	159.270			6
2026.05.29	01:40:59.237	159.268	159.269			6
2026.05.29	01:41:00.144	159.268				2
2026.05.29	01:41:06.447	159.267	159.268			6
2026.05.29	01:41:15.761	159.268	159.269			6
2026.05.29	01:41:18.160	159.267	159.268			6
2026.05.29	01:41:41.026	159.266	159.267			6
2026.05.29	01:41:53.048	159.267	159.268			6
2026.05.29	01:42:00.264	159.267				2
2026.05.29	01:42:05.669	159.268	159.269			6
2026.05.29	01:42:12.582	159.267	159.268			6
2026.05.29	01:42:12.885	159.256	159.257			6
2026.05.29	01:42:13.191	159.255	159.256			6
2026.05.29	01:42:15.584	159.254				2
2026.05.29	01:42:18.597	159.255				2
2026.05.29	01:42:20.095	159.254				2
2026.05.29	01:42:20.404	159.255	159.257			6
2026.05.29	01:42:20.698		159.256			4
2026.05.29	01:42:21.908	159.256	159.257			6
2026.05.29	01:42:32.419		159.258			4
2026.05.29	01:42:37.229	159.254	159.256			6
2026.05.29	01:42:38.129	159.255				2
2026.05.29	01:42:41.442	159.256	159.257			6
2026.05.29	01:42:42.341	159.257	159.258			6
2026.05.29	01:42:42.640	159.256	159.257			6
2026.05.29	01:42:51.363	159.255	159.256			6
2026.05.29	01:42:51.657	159.256	159.257			6
2026.05.29	01:42:52.865	159.257	159.258			6
2026.05.29	01:42:53.461	159.258	159.259			6
2026.05.29	01:42:53.768	159.265	159.266			6
2026.05.29	01:42:54.058	159.267	159.268			6
2026.05.29	01:42:55.262	159.266	159.269			6
2026.05.29	01:43:00.088	159.266				2
2026.05.29	01:43:01.288	159.267	159.270			6
2026.05.29	01:43:01.884	159.266	159.269			6
2026.05.29	01:43:31.364	159.267				2
2026.05.29	01:43:32.568	159.268				2
2026.05.29	01:43:32.869	159.267				2
2026.05.29	01:43:33.171	159.268				2
2026.05.29	01:43:33.474	159.267				2
2026.05.29	01:43:34.377	159.268				2
2026.05.29	01:43:34.677	159.267				2
2026.05.29	01:43:34.977	159.268				2
2026.05.29	01:43:35.279	159.267				2
2026.05.29	01:43:35.581	159.268				2
2026.05.29	01:43:35.879	159.267				2
2026.05.29	01:43:47.606	159.266	159.268			6
2026.05.29	01:44:00.229	159.266				2
2026.05.29	01:44:05.338	159.267				2
2026.05.29	01:44:12.851	159.268	159.269			6
2026.05.29	01:44:15.557	159.259	159.260			6
2026.05.29	01:44:15.860	159.257	159.258			6
2026.05.29	01:44:16.155	159.256	159.257			6
2026.05.29	01:44:16.459	159.255	159.256			6
2026.05.29	01:44:16.756	159.257	159.258			6
2026.05.29	01:44:17.353	159.255	159.259			6
2026.05.29	01:44:26.974	159.254	159.258			6
2026.05.29	01:44:27.877	159.256	159.259			6
2026.05.29	01:44:32.981	159.254	159.258			6
2026.05.29	01:44:33.292	159.253	159.257			6
2026.05.29	01:44:34.187	159.252	159.256			6
2026.05.29	01:44:35.690	159.253	159.257			6
2026.05.29	01:44:40.502	159.254	159.258			6
2026.05.29	01:44:54.944	159.253	159.257			6
2026.05.29	01:44:55.250	159.252	159.256			6
2026.05.29	01:44:58.550	159.254	159.258			6
2026.05.29	01:45:00.060	159.254				2
2026.05.29	01:45:00.351	159.252	159.256			6
2026.05.29	01:45:06.358	159.253	159.257			6
2026.05.29	01:45:08.766	159.250	159.254			6
2026.05.29	01:45:09.067	159.251	159.255			6
2026.05.29	01:45:10.275	159.252	159.256			6
2026.05.29	01:45:15.695	159.251	159.255			6
2026.05.29	01:45:16.277	159.252				2
2026.05.29	01:45:18.081	159.253	159.256			6
2026.05.29	01:45:25.054	159.254	159.257			6
2026.05.29	01:45:28.358	159.252	159.255			6
2026.05.29	01:45:29.563	159.251	159.254			6
2026.05.29	01:45:35.878	159.253	159.256			6
2026.05.29	01:45:36.176	159.254	159.257			6
2026.05.29	01:45:38.276	159.255	159.258			6
2026.05.29	01:45:40.681	159.256				2
2026.05.29	01:45:41.587	159.255				2
2026.05.29	01:45:43.392	159.254	159.257			6
2026.05.29	01:45:51.811	159.253	159.256			6
2026.05.29	01:45:57.221	159.254				2
2026.05.29	01:46:00.233	159.254				2
2026.05.29	01:46:03.239	159.253	159.255			6
2026.05.29	01:46:07.754	159.254	159.256			6
2026.05.29	01:46:18.566	159.255	159.257			6
2026.05.29	01:46:18.869	159.254	159.256			6
2026.05.29	01:46:29.078	159.253	159.255			6
2026.05.29	01:46:29.383		159.254			4
2026.05.29	01:46:37.193	159.254	159.255			6
2026.05.29	01:46:41.713	159.255	159.256			6
2026.05.29	01:46:42.308	159.253	159.254			6
2026.05.29	01:46:42.908	159.255	159.256			6
2026.05.29	01:46:55.244	159.254	159.255			6
2026.05.29	01:46:55.543	159.255	159.256			6
2026.05.29	01:46:57.049	159.254	159.255			6
2026.05.29	01:47:00.054	159.255	159.256			6
2026.05.29	01:47:21.685	159.253	159.254			6
2026.05.29	01:47:21.990	159.254	159.255			6
2026.05.29	01:47:25.897	159.255	159.256			6
2026.05.29	01:47:26.495	159.256	159.257			6
2026.05.29	01:47:31.305	159.255	159.256			6
2026.05.29	01:47:32.805	159.265	159.266			6
2026.05.29	01:47:33.107	159.269	159.272			6
2026.05.29	01:47:42.431	159.268	159.271			6
2026.05.29	01:47:51.752	159.267	159.270			6
2026.05.29	01:47:52.050	159.268	159.271			6
2026.05.29	01:47:53.256	159.269				2
2026.05.29	01:48:00.165	159.269				2
2026.05.29	01:48:05.578	159.278	159.280			6
2026.05.29	01:48:06.173	159.277	159.281			6
2026.05.29	01:48:06.480	159.276	159.280			6
2026.05.29	01:48:12.185	159.268	159.271			6
2026.05.29	01:48:12.491	159.267				2
2026.05.29	01:48:13.390	159.268				2
2026.05.29	01:48:15.194	159.266				2
2026.05.29	01:48:47.388	159.267				2
2026.05.29	01:48:57.601	159.265	159.269			6
2026.05.29	01:48:59.411	159.266	159.270			6
2026.05.29	01:49:00.021	159.266				2
2026.05.29	01:49:10.543	159.265	159.269			6
2026.05.29	01:49:16.551	159.266	159.270			6
2026.05.29	01:49:21.357		159.269			4
2026.05.29	01:49:32.483	159.267	159.270			6
2026.05.29	01:49:42.418	159.266	159.269			6
2026.05.29	01:49:44.218	159.267	159.270			6
2026.05.29	01:49:50.244		159.269			4
2026.05.29	01:49:51.447	159.263	159.265			6
2026.05.29	01:49:51.743	159.262	159.264			6
2026.05.29	01:49:52.346		159.265			4
2026.05.29	01:49:53.255	159.258	159.259			6
2026.05.29	01:49:53.552	159.249	159.252			6
2026.05.29	01:49:53.852	159.248	159.251			6
2026.05.29	01:49:54.154	159.247				2
2026.05.29	01:49:54.448	159.249	159.253			6
2026.05.29	01:49:54.752	159.251	159.255			6
2026.05.29	01:49:55.355	159.250				2
2026.05.29	01:49:56.854	159.249	159.254			6
2026.05.29	01:49:57.150	159.248	159.253			6
2026.05.29	01:49:57.459	159.244	159.249			6
2026.05.29	01:49:57.750	159.249	159.254			6
2026.05.29	01:49:58.350	159.248				2
2026.05.29	01:49:59.252		159.255			4
2026.05.29	01:50:00.153	159.248	159.254			6
2026.05.29	01:50:00.757	159.249	159.255			6
2026.05.29	01:50:03.763	159.248	159.254			6
2026.05.29	01:50:06.771	159.250	159.256			6
2026.05.29	01:50:07.072	159.251	159.257			6
2026.05.29	01:50:07.368	159.250	159.256			6
2026.05.29	01:50:10.684	159.249	159.255			6
2026.05.29	01:50:13.385	159.250	159.256			6
2026.05.29	01:50:14.895	159.249	159.255			6
2026.05.29	01:50:20.010	159.252	159.257			6
2026.05.29	01:50:20.617	159.249	159.255			6
2026.05.29	01:50:22.418	159.250	159.256			6
2026.05.29	01:50:25.431	159.251	159.257			6
2026.05.29	01:50:30.550	159.250	159.256			6
2026.05.29	01:50:38.065	159.251	159.257			6
2026.05.29	01:50:41.379	159.252				2
2026.05.29	01:50:42.583	159.251	159.256			6
2026.05.29	01:50:42.881	159.250	159.255			6
2026.05.29	01:50:45.283	159.249	159.254			6
2026.05.29	01:50:46.487	159.250	159.255			6
2026.05.29	01:50:55.499	159.251	159.256			6
2026.05.29	01:50:55.796	159.250	159.255			6
2026.05.29	01:51:00.009	159.250				2
2026.05.29	01:51:07.225	159.249	159.254			6
2026.05.29	01:51:13.247	159.250				2
2026.05.29	01:51:27.967	159.251	159.255			6
2026.05.29	01:51:42.394		159.254			4
2026.05.29	01:51:46.906	159.252	159.255			6
2026.05.29	01:51:48.718	159.251	159.254			6
2026.05.29	01:52:00.129	159.251				2
2026.05.29	01:52:03.132	159.252	159.255			6
2026.05.29	01:52:03.434	159.251	159.254			6
2026.05.29	01:52:04.335	159.252	159.255			6
2026.05.29	01:52:10.351		159.254			4
2026.05.29	01:52:34.109	159.253				2
2026.05.29	01:53:00.271	159.253				2
2026.05.29	01:53:00.566	159.242	159.243			6
2026.05.29	01:53:01.171	159.240	159.244			6
2026.05.29	01:53:01.467	159.238	159.242			6
2026.05.29	01:53:04.780	159.239	159.243			6
2026.05.29	01:53:05.679	159.238	159.242			6
2026.05.29	01:53:15.913	159.240	159.244			6
2026.05.29	01:53:31.265		159.243			4
2026.05.29	01:53:34.575	159.241	159.244			6
2026.05.29	01:53:36.076	159.242	159.245			6
2026.05.29	01:53:36.379	159.241	159.244			6
2026.05.29	01:53:52.935	159.240	159.243			6
2026.05.29	01:53:53.841	159.242	159.245			6
2026.05.29	01:53:56.250		159.244			4
2026.05.29	01:54:00.151	159.242				2
2026.05.29	01:54:01.652	159.250	159.252			6
2026.05.29	01:54:01.952	159.252	159.254			6
2026.05.29	01:54:02.252	159.251	159.255			6
2026.05.29	01:54:05.557	159.250	159.254			6
2026.05.29	01:54:13.079	159.248	159.252			6
2026.05.29	01:54:19.386	159.249	159.253			6
2026.05.29	01:54:20.288	159.248	159.252			6
2026.05.29	01:54:32.319	159.249				2
2026.05.29	01:54:47.663	159.250	159.253			6
2026.05.29	01:54:48.267	159.249	159.252			6
2026.05.29	01:54:57.293		159.251			4
2026.05.29	01:54:57.887	159.250	159.252			6
2026.05.29	01:55:00.303	159.250				2
2026.05.29	01:55:02.103	159.251	159.253			6
2026.05.29	01:55:02.400	159.250	159.252			6
2026.05.29	01:55:03.607	159.248	159.250			6
2026.05.29	01:55:03.905	159.247	159.249			6
2026.05.29	01:55:04.505	159.248	159.250			6
2026.05.29	01:55:25.251	159.249				2
2026.05.29	01:55:28.559	159.248	159.249			6
2026.05.29	01:55:33.373	159.244	159.245			6
2026.05.29	01:55:33.671	159.242	159.243			6
2026.05.29	01:55:33.971	159.243	159.244			6
2026.05.29	01:55:34.271	159.242				2
2026.05.29	01:55:38.786	159.241	159.243			6
2026.05.29	01:55:39.387	159.242	159.244			6
2026.05.29	01:55:41.189	159.241	159.243			6
2026.05.29	01:55:47.198		159.242			4
2026.05.29	01:55:49.605	159.242	159.243			6
2026.05.29	01:55:53.806	159.241	159.242			6
2026.05.29	01:55:55.311	159.242	159.243			6
2026.05.29	01:55:55.611	159.243	159.244			6
2026.05.29	01:56:00.124	159.243				2
2026.05.29	01:56:02.532	159.249	159.250			6
2026.05.29	01:56:02.825	159.251	159.252			6
2026.05.29	01:56:04.329	159.250	159.253			6
2026.05.29	01:56:11.852	159.249	159.252			6
2026.05.29	01:56:12.159	159.248	159.251			6
2026.05.29	01:56:12.454	159.249	159.252			6
2026.05.29	01:56:19.379		159.251			4
2026.05.29	01:56:20.888	159.250	159.252			6
2026.05.29	01:56:25.400	159.249	159.251			6
2026.05.29	01:56:27.806	159.250	159.252			6
2026.05.29	01:56:28.112	159.252	159.254			6
2026.05.29	01:56:38.953	159.253	159.255			6
2026.05.29	01:56:41.660	159.264	159.266			6
2026.05.29	01:56:42.562	159.265	159.267			6
2026.05.29	01:56:42.864	159.266	159.268			6
2026.05.29	01:56:43.163	159.264				2
2026.05.29	01:56:44.965		159.269			4
2026.05.29	01:56:45.559		159.268			4
2026.05.29	01:56:45.866		159.269			4
2026.05.29	01:56:48.271		159.268			4
2026.05.29	01:56:49.480		159.269			4
2026.05.29	01:56:50.080	159.265	159.270			6
2026.05.29	01:56:50.381	159.264	159.269			6
2026.05.29	01:56:55.188	159.265				2
2026.05.29	01:57:00.012	159.265				2
2026.05.29	01:57:01.811	159.264	159.268			6
2026.05.29	01:57:05.118		159.267			4
2026.05.29	01:57:05.419		159.268			4
2026.05.29	01:57:19.252		159.267			4
2026.05.29	01:57:23.154	159.265	159.268			6
2026.05.29	01:57:23.751	159.266	159.269			6
2026.05.29	01:57:41.206	159.267				2
2026.05.29	01:57:43.012	159.266	159.268			6
2026.05.29	01:57:46.015	159.264	159.266			6
2026.05.29	01:57:51.129	159.265	159.267			6
2026.05.29	01:58:00.146	159.265				2
2026.05.29	01:58:02.249	159.266				2
2026.05.29	01:58:06.158	159.265	159.266			6
2026.05.29	01:58:13.681	159.266	159.267			6
2026.05.29	01:58:26.897	159.265	159.266			6
2026.05.29	01:58:32.010	159.266	159.267			6
2026.05.29	01:58:32.311	159.265	159.266			6
2026.05.29	01:58:34.716	159.264	159.265			6
2026.05.29	01:58:35.615	159.265	159.266			6
2026.05.29	01:58:40.736	159.266	159.267			6
2026.05.29	01:58:41.039	159.267	159.268			6
2026.05.29	01:58:44.947	159.265	159.266			6
2026.05.29	01:58:57.570	159.266	159.267			6
2026.05.29	01:59:00.272	159.266				2
2026.05.29	01:59:04.178	159.265	159.266			6
2026.05.29	01:59:07.186	159.266	159.267			6
2026.05.29	01:59:45.071	159.267	159.268			6
2026.05.29	01:59:49.583	159.265	159.266			6
2026.05.29	01:59:50.186	159.264	159.265			6
2026.05.29	01:59:52.884	159.266	159.267			6
2026.05.29	02:00:00.102	159.266				2
2026.05.29	02:00:01.303	159.264	159.266			6
2026.05.29	02:00:02.814	159.265				2
2026.05.29	02:00:03.109	159.266	159.267			6
2026.05.29	02:00:04.011	159.265	159.266			6
2026.05.29	02:00:04.612	159.264	159.265			6
2026.05.29	02:00:04.911	159.265	159.266			6
2026.05.29	02:00:05.212	159.264	159.265			6
2026.05.29	02:00:05.819	159.265	159.266			6
2026.05.29	02:00:08.218	159.264	159.265			6
2026.05.29	02:00:10.629	159.263	159.264			6
2026.05.29	02:00:12.738	159.264	159.265			6
2026.05.29	02:00:18.155	159.266	159.267			6
2026.05.29	02:00:19.050	159.264	159.265			6
2026.05.29	02:00:25.666	159.253	159.254			6
2026.05.29	02:00:25.962	159.245	159.246			6
2026.05.29	02:00:26.263	159.248	159.251			6
2026.05.29	02:00:26.565		159.252			4
2026.05.29	02:00:29.875	159.250	159.254			6
2026.05.29	02:00:30.479	159.249	159.253			6
2026.05.29	02:00:34.690	159.250	159.254			6
2026.05.29	02:00:37.705	159.252	159.256			6
2026.05.29	02:00:38.608	159.249	159.253			6
2026.05.29	02:00:38.906	159.248	159.251			6
2026.05.29	02:00:39.512		159.252			4
2026.05.29	02:00:40.108		159.251			4
2026.05.29	02:00:41.312		159.252			4
2026.05.29	02:00:41.920	159.249	159.253			6
2026.05.29	02:00:42.213	159.244	159.248			6
2026.05.29	02:00:43.116	159.246	159.250			6
2026.05.29	02:00:43.417	159.247	159.251			6
2026.05.29	02:00:44.319	159.248	159.252			6
2026.05.29	02:00:56.959	159.247	159.251			6
2026.05.29	02:00:57.252		159.250			4
2026.05.29	02:00:57.858	159.248	159.251			6
2026.05.29	02:00:58.160	159.249	159.253			6
2026.05.29	02:00:58.458	159.250	159.254			6
2026.05.29	02:00:59.057	159.248	159.252			6
2026.05.29	02:00:59.357		159.251			4
2026.05.29	02:00:59.657		159.250			4
2026.05.29	02:00:59.962	159.240	159.244			6
2026.05.29	02:01:00.259	159.238	159.243			6
2026.05.29	02:01:00.565		159.244			4
2026.05.29	02:01:00.866	159.242				2
2026.05.29	02:01:01.808		159.243			4
2026.05.29	02:01:02.406	159.237	159.241			6
2026.05.29	02:01:03.006	159.238	159.240			6
2026.05.29	02:01:03.306	159.237	159.241			6
2026.05.29	02:01:03.606	159.238				2
2026.05.29	02:01:03.907		159.243			4
2026.05.29	02:01:04.207	159.239				2
2026.05.29	02:01:04.809	159.237	159.242			6
2026.05.29	02:01:05.110	159.236				2
2026.05.29	02:01:05.410	159.237	159.241			6
2026.05.29	02:01:05.710	159.236	159.240			6
2026.05.29	02:01:06.010		159.241			4
2026.05.29	02:01:06.311	159.237				2
2026.05.29	02:01:06.911		159.243			4
2026.05.29	02:01:08.715	159.238	159.244			6
2026.05.29	02:01:09.315	159.237	159.243			6
2026.05.29	02:01:09.616	159.238	159.241			6
2026.05.29	02:01:10.823		159.243			4
2026.05.29	02:01:12.625		159.244			4
2026.05.29	02:01:13.228		159.243			4
2026.05.29	02:01:13.529		159.242			4
2026.05.29	02:01:13.829		159.244			4
2026.05.29	02:01:14.429	159.239				2
2026.05.29	02:01:14.730	159.250	159.253			6
2026.05.29	02:01:15.331	159.249	159.255			6
2026.05.29	02:01:15.930		159.256			4
2026.05.29	02:01:16.231		159.254			4
2026.05.29	02:01:16.831	159.246	159.253			6
2026.05.29	02:01:17.132	159.244	159.250			6
2026.05.29	02:01:17.732	159.243				2
2026.05.29	02:01:19.839	159.240	159.248			6
2026.05.29	02:01:20.138		159.247			4
2026.05.29	02:01:20.739	159.239				2
2026.05.29	02:01:21.040		159.246			4
2026.05.29	02:01:26.450	159.238				2
2026.05.29	02:01:27.351		159.245			4
2026.05.29	02:01:27.952		159.246			4
2026.05.29	02:01:30.408	159.239	159.245			6
2026.05.29	02:01:30.709	159.238				2
2026.05.29	02:01:31.309	159.239				2
2026.05.29	02:01:32.810	159.238				2
2026.05.29	02:01:35.221	159.242				2
2026.05.29	02:01:35.523	159.238				2
2026.05.29	02:01:36.424	159.242	159.246			6
2026.05.29	02:01:36.724	159.238	159.245			6
2026.05.29	02:01:37.026	159.242				2
2026.05.29	02:01:37.326	159.238	159.246			6
2026.05.29	02:01:37.679	159.242				2
2026.05.29	02:01:38.277	159.238				2
2026.05.29	02:01:42.202		159.245			4
2026.05.29	02:01:45.212		159.244			4
2026.05.29	02:01:46.414	159.239	159.246			6
2026.05.29	02:01:47.916		159.245			4
2026.05.29	02:01:48.215		159.246			4
2026.05.29	02:01:52.119	159.240				2
2026.05.29	02:01:52.420		159.245			4
2026.05.29	02:01:53.021		159.246			4
2026.05.29	02:01:53.321	159.249	159.255			6
2026.05.29	02:01:56.331	159.250	159.256			6
2026.05.29	02:01:58.739	159.252	159.259			6
2026.05.29	02:02:00.247	159.252				2
2026.05.29	02:02:01.147		159.260			4
2026.05.29	02:02:02.048		159.259			4
2026.05.29	02:02:02.348		159.258			4
2026.05.29	02:02:05.351		159.259			4
2026.05.29	02:02:15.359		159.258			4
2026.05.29	02:02:16.261	159.250				2
2026.05.29	02:02:18.969	159.251	159.259			6
2026.05.29	02:02:19.272	159.252				2
2026.05.29	02:02:21.825		159.258			4
2026.05.29	02:02:35.974		159.257			4
2026.05.29	02:02:36.276		159.258			4
2026.05.29	02:02:36.877	159.253				2
2026.05.29	02:02:37.177	159.252				2
2026.05.29	02:02:39.129	159.253	159.259			6
2026.05.29	02:02:41.846		159.258			4
2026.05.29	02:02:42.146	159.252				2
2026.05.29	02:02:42.446		159.259			4
2026.05.29	02:02:42.747	159.253				2
2026.05.29	02:02:49.839		159.260			4
2026.05.29	02:02:50.140		159.259			4
2026.05.29	02:02:51.946	159.255				2
2026.05.29	02:02:52.545	159.254				2
2026.05.29	02:02:53.146	159.253	159.258			6
2026.05.29	02:02:53.447	159.251	159.257			6
2026.05.29	02:02:53.747		159.256			4
2026.05.29	02:03:00.267	159.251				2
2026.05.29	02:03:00.927		159.255			4
2026.05.29	02:03:01.229		159.256			4
2026.05.29	02:03:05.743	159.252	159.257			6
2026.05.29	02:03:21.370		159.256			4
2026.05.29	02:03:29.644		159.255			4
2026.05.29	02:03:31.146		159.256			4
2026.05.29	02:03:41.959		159.255			4
2026.05.29	02:03:44.973	159.249	159.253			6
2026.05.29	02:03:45.575	159.250	159.254			6
2026.05.29	02:03:46.175	159.249	159.253			6
2026.05.29	02:03:48.277	159.250	159.254			6
2026.05.29	02:03:49.778	159.251				2
2026.05.29	02:03:50.378	159.250				2
2026.05.29	02:03:53.985	159.251	159.255			6
2026.05.29	02:03:54.585		159.254			4
2026.05.29	02:03:56.389	159.252	159.256			6
2026.05.29	02:04:00.295	159.252				2
2026.05.29	02:04:01.197		159.255			4
2026.05.29	02:04:09.018	159.251	159.254			6
2026.05.29	02:04:09.621	159.252	159.255			6
2026.05.29	02:04:12.024		159.254			4
2026.05.29	02:04:12.925		159.255			4
2026.05.29	02:04:13.226	159.251	159.254			6
2026.05.29	02:04:15.338	159.252	159.255			6
2026.05.29	02:04:15.640	159.251	159.254			6
2026.05.29	02:04:22.248	159.252				2
2026.05.29	02:04:38.182	159.253				2
2026.05.29	02:04:58.942	159.252	159.253			6
2026.05.29	02:05:00.144	159.252				2
2026.05.29	02:05:04.048	159.253	159.254			6
2026.05.29	02:05:10.660	159.252	159.253			6
2026.05.29	02:05:20.576	159.253	159.254			6
2026.05.29	02:05:22.979	159.252	159.253			6
2026.05.29	02:05:26.282	159.253	159.254			6
2026.05.29	02:05:37.106	159.252	159.253			6
2026.05.29	02:05:38.010	159.253	159.254			6
2026.05.29	02:05:48.235	159.252	159.253			6
2026.05.29	02:05:48.537	159.253	159.254			6
2026.05.29	02:05:50.041	159.252	159.253			6
2026.05.29	02:05:56.350	159.253	159.254			6
2026.05.29	02:05:58.154	159.251	159.252			6
2026.05.29	02:06:00.261	159.251				2
2026.05.29	02:06:02.068	159.253	159.254			6
2026.05.29	02:06:04.774	159.252	159.253			6
2026.05.29	02:06:13.493	159.253	159.254			6
2026.05.29	02:06:14.093	159.252	159.253			6
2026.05.29	02:06:17.998	159.255	159.256			6
2026.05.29	02:06:18.298	159.254	159.255			6
2026.05.29	02:06:18.900	159.252	159.253			6
2026.05.29	02:06:20.101	159.259	159.260			6
2026.05.29	02:06:21.305	159.260	159.261			6
2026.05.29	02:06:22.206	159.261	159.262			6
2026.05.29	02:06:22.506	159.262	159.263			6
2026.05.29	02:06:25.210	159.256	159.257			6
2026.05.29	02:06:36.942	159.258	159.259			6
2026.05.29	02:06:37.240	159.263	159.264			6
2026.05.29	02:06:38.141	159.262	159.265			6
2026.05.29	02:06:38.440	159.263	159.266			6
2026.05.29	02:06:38.741	159.262	159.265			6
2026.05.29	02:06:42.349		159.264			4
2026.05.29	02:06:52.267	159.263	159.265			6
2026.05.29	02:06:53.169	159.262	159.264			6
2026.05.29	02:06:53.772	159.263	159.265			6
2026.05.29	02:06:57.376		159.264			4
2026.05.29	02:07:00.081	159.263				2
2026.05.29	02:07:00.983	159.264	159.265			6
2026.05.29	02:07:01.885	159.263	159.264			6
2026.05.29	02:07:18.122	159.264	159.265			6
2026.05.29	02:07:22.935	159.265	159.266			6
2026.05.29	02:07:24.436	159.266	159.267			6
2026.05.29	02:07:25.038	159.265	159.266			6
2026.05.29	02:07:41.873	159.264	159.265			6
2026.05.29	02:07:42.774	159.265	159.266			6
2026.05.29	02:07:46.380	159.264	159.265			6
2026.05.29	02:07:46.980	159.265	159.266			6
2026.05.29	02:07:49.686	159.264	159.265			6
2026.05.29	02:07:56.302	159.265	159.266			6
2026.05.29	02:08:00.213	159.265				2
2026.05.29	02:08:02.318	159.264	159.265			6
2026.05.29	02:08:04.422	159.263	159.264			6
2026.05.29	02:08:07.733	159.264	159.265			6
2026.05.29	02:08:08.338	159.263	159.264			6
2026.05.29	02:08:13.447	159.262	159.263			6
2026.05.29	02:08:18.550	159.263	159.264			6
2026.05.29	02:08:18.851	159.264	159.265			6
2026.05.29	02:08:37.510	159.263	159.264			6
2026.05.29	02:08:39.010	159.264	159.265			6
2026.05.29	02:08:39.911	159.263	159.264			6
2026.05.29	02:09:00.077	159.263				2
2026.05.29	02:09:03.681	159.264	159.265			6
2026.05.29	02:09:03.985	159.263	159.264			6
2026.05.29	02:09:09.097	159.264	159.265			6
2026.05.29	02:09:09.399	159.263	159.264			6
2026.05.29	02:09:09.699	159.264	159.265			6
2026.05.29	02:09:15.110	159.263	159.264			6
2026.05.29	02:09:19.015	159.264	159.265			6
2026.05.29	02:09:34.049	159.262	159.263			6
2026.05.29	02:09:36.452	159.263	159.264			6
2026.05.29	02:09:36.752	159.264	159.265			6
2026.05.29	02:09:43.065	159.262	159.263			6
2026.05.29	02:09:43.366	159.263	159.264			6
2026.05.29	02:09:49.677	159.262	159.263			6
2026.05.29	02:09:49.977	159.261	159.262			6
2026.05.29	02:09:50.878	159.262	159.263			6
2026.05.29	02:09:51.177	159.263	159.264			6
2026.05.29	02:09:53.278	159.254	159.255			6
2026.05.29	02:09:53.880	159.252	159.253			6
2026.05.29	02:09:54.180	159.254	159.255			6
2026.05.29	02:09:55.081	159.253	159.254			6
2026.05.29	02:10:00.189	159.253				2
2026.05.29	02:10:01.692	159.252	159.253			6
2026.05.29	02:10:05.301	159.253	159.254			6
2026.05.29	02:10:10.710	159.254	159.255			6
2026.05.29	02:10:22.742	159.253	159.254			6
2026.05.29	02:10:23.042	159.252	159.253			6
2026.05.29	02:10:23.947	159.253	159.254			6
2026.05.29	02:10:35.670	159.252	159.253			6
2026.05.29	02:10:37.174	159.253	159.254			6
2026.05.29	02:10:37.777	159.252	159.253			6
2026.05.29	02:10:39.281	159.253	159.254			6
2026.05.29	02:10:40.185	159.252	159.253			6
2026.05.29	02:10:48.607	159.251	159.252			6
2026.05.29	02:10:48.908	159.252	159.253			6
2026.05.29	02:10:49.210	159.251	159.252			6
2026.05.29	02:10:52.516	159.252	159.253			6
2026.05.29	02:10:52.816	159.251	159.252			6
2026.05.29	02:10:58.238	159.250	159.251			6
2026.05.29	02:10:59.443	159.251	159.252			6
2026.05.29	02:11:00.043	159.251				2
2026.05.29	02:11:01.246	159.252	159.253			6
2026.05.29	02:11:01.548	159.253	159.254			6
2026.05.29	02:11:03.355	159.252	159.253			6
2026.05.29	02:11:04.255	159.253	159.254			6
2026.05.29	02:11:04.857	159.252	159.253			6
2026.05.29	02:11:16.581	159.253	159.254			6
2026.05.29	02:11:16.882	159.254	159.255			6
2026.05.29	02:11:18.084	159.255	159.256			6
2026.05.29	02:11:21.390	159.254	159.255			6
2026.05.29	02:11:42.133	159.255	159.256			6
2026.05.29	02:11:46.943	159.254	159.255			6
2026.05.29	02:11:49.947	159.255	159.256			6
2026.05.29	02:12:00.170	159.255				2
2026.05.29	02:12:07.384	159.256	159.257			6
2026.05.29	02:12:10.088	159.257	159.258			6
2026.05.29	02:12:10.387	159.256	159.257			6
2026.05.29	02:12:31.143	159.255	159.256			6
2026.05.29	02:12:32.046	159.256	159.257			6
2026.05.29	02:13:00.006	159.256				2
2026.05.29	02:13:31.864	159.255	159.256			6
2026.05.29	02:13:39.684	159.256	159.257			6
2026.05.29	02:13:46.905	159.255	159.256			6
2026.05.29	02:13:48.707	159.256	159.257			6
2026.05.29	02:13:51.410	159.255	159.256			6
2026.05.29	02:13:51.711	159.256	159.257			6
2026.05.29	02:14:00.147	159.256				2
2026.05.29	02:14:00.447	159.255	159.256			6
2026.05.29	02:14:20.899	159.256	159.257			6
2026.05.29	02:14:22.704	159.255	159.256			6
2026.05.29	02:14:44.050	159.254	159.255			6
2026.05.29	02:14:44.351	159.255	159.256			6
2026.05.29	02:14:45.253	159.254	159.255			6
2026.05.29	02:14:47.955	159.255	159.256			6
2026.05.29	02:15:00.285	159.254	159.255			6
2026.05.29	02:15:01.786	159.255	159.256			6
2026.05.29	02:15:07.197	159.254	159.255			6
2026.05.29	02:15:13.515	159.253	159.254			6
2026.05.29	02:15:20.442	159.252	159.253			6
2026.05.29	02:15:22.243	159.253	159.254			6
2026.05.29	02:15:30.953	159.252	159.253			6
2026.05.29	02:15:40.882	159.254	159.255			6
2026.05.29	02:15:41.182	159.255	159.256			6
2026.05.29	02:15:53.209	159.254	159.255			6
2026.05.29	02:16:00.138	159.254				2
2026.05.29	02:16:04.942	159.253	159.254			6
2026.05.29	02:16:16.355	159.254	159.255			6
2026.05.29	02:16:20.258	159.253	159.254			6
2026.05.29	02:16:27.176	159.255	159.256			6
2026.05.29	02:16:30.781	159.254	159.255			6
2026.05.29	02:16:33.183	159.253	159.254			6
2026.05.29	02:16:42.211	159.252	159.253			6
2026.05.29	02:16:44.016	159.253	159.254			6
2026.05.29	02:16:46.124	159.252	159.253			6
2026.05.29	02:16:49.134	159.254	159.255			6
2026.05.29	02:16:50.038	159.253	159.254			6
2026.05.29	02:17:00.251	159.253				2
2026.05.29	02:17:00.853	159.252	159.253			6
2026.05.29	02:17:01.453	159.253	159.254			6
2026.05.29	02:17:26.713	159.252	159.253			6
2026.05.29	02:17:28.525	159.253	159.254			6
2026.05.29	02:17:34.842	159.248	159.249			6
2026.05.29	02:17:35.142	159.247	159.248			6
2026.05.29	02:17:35.742	159.244	159.245			6
2026.05.29	02:17:36.043	159.246	159.247			6
2026.05.29	02:17:36.344	159.247	159.248			6
2026.05.29	02:17:36.645	159.246	159.247			6
2026.05.29	02:17:38.146	159.245	159.246			6
2026.05.29	02:17:44.452	159.246	159.247			6
2026.05.29	02:17:44.752	159.247	159.248			6
2026.05.29	02:17:47.755	159.246	159.247			6
2026.05.29	02:17:49.859	159.247	159.248			6
2026.05.29	02:17:54.371	159.246	159.247			6
2026.05.29	02:17:54.671	159.250	159.251			6
2026.05.29	02:17:54.971	159.251	159.252			6
2026.05.29	02:17:55.271	159.252	159.253			6
2026.05.29	02:18:00.079	159.252				2
2026.05.29	02:18:01.581	159.251	159.252			6
2026.05.29	02:18:02.782	159.253	159.254			6
2026.05.29	02:18:12.410	159.252	159.253			6
2026.05.29	02:18:12.713	159.253	159.254			6
2026.05.29	02:18:22.343	159.252	159.253			6
2026.05.29	02:18:22.643	159.253	159.254			6
2026.05.29	02:18:40.977	159.254	159.255			6
2026.05.29	02:18:47.285	159.253	159.254			6
2026.05.29	02:18:47.586	159.252	159.253			6
2026.05.29	02:18:48.186	159.253	159.254			6
2026.05.29	02:18:48.787	159.252	159.253			6
2026.05.29	02:18:55.400	159.253	159.254			6
2026.05.29	02:19:00.212	159.253				2
2026.05.29	02:19:03.521	159.252	159.253			6
2026.05.29	02:19:04.725	159.253	159.254			6
2026.05.29	02:19:16.749	159.252	159.253			6
2026.05.29	02:19:17.349	159.253	159.254			6
2026.05.29	02:19:28.170	159.252	159.253			6
2026.05.29	02:19:32.377	159.253	159.254			6
2026.05.29	02:19:45.603	159.256	159.257			6
2026.05.29	02:19:47.706	159.255	159.256			6
2026.05.29	02:19:48.007	159.254	159.255			6
2026.05.29	02:19:48.311	159.253	159.254			6
2026.05.29	02:19:49.211	159.254	159.255			6
2026.05.29	02:19:51.620	159.253	159.254			6
2026.05.29	02:20:00.044	159.253				2
2026.05.29	02:20:00.345	159.252	159.253			6
2026.05.29	02:20:02.448	159.253	159.254			6
2026.05.29	02:20:03.048	159.254	159.255			6
2026.05.29	02:20:07.550	159.253	159.254			6
2026.05.29	02:20:10.856	159.252	159.253			6
2026.05.29	02:20:12.358	159.253	159.254			6
2026.05.29	02:20:16.568	159.254	159.255			6
2026.05.29	02:20:21.980	159.255	159.256			6
2026.05.29	02:20:22.280	159.254	159.255			6
2026.05.29	02:20:26.784	159.253	159.254			6
2026.05.29	02:20:44.229	159.254	159.255			6
2026.05.29	02:20:52.948	159.253	159.254			6
2026.05.29	02:21:00.154	159.253				2
2026.05.29	02:21:16.688	159.252	159.253			6
2026.05.29	02:21:19.994	159.253	159.254			6
2026.05.29	02:21:26.321	159.252	159.253			6
2026.05.29	02:21:37.453	159.251	159.252			6
2026.05.29	02:21:38.954	159.252	159.253			6
2026.05.29	02:21:45.869	159.251	159.252			6
2026.05.29	02:21:47.671	159.252	159.253			6
2026.05.29	02:21:59.694	159.251	159.252			6
2026.05.29	02:21:59.994	159.250	159.251			6
2026.05.29	02:22:00.295	159.250				2
2026.05.29	02:22:01.497	159.247	159.248			6
2026.05.29	02:22:01.796	159.251	159.252			6
2026.05.29	02:22:02.998	159.250	159.251			6
2026.05.29	02:22:09.316	159.251	159.252			6
2026.05.29	02:22:11.420	159.250	159.251			6
2026.05.29	02:22:11.722	159.251	159.252			6
2026.05.29	02:22:13.526	159.250	159.251			6
2026.05.29	02:22:14.727	159.251	159.252			6
2026.05.29	02:22:16.830	159.250	159.251			6
2026.05.29	02:22:36.371	159.249	159.250			6
2026.05.29	02:22:38.475	159.251	159.252			6
2026.05.29	02:22:46.300	159.250	159.251			6
2026.05.29	02:23:00.137	159.250				2
2026.05.29	02:23:02.242	159.249	159.250			6
2026.05.29	02:23:07.350	159.250	159.251			6
2026.05.29	02:23:32.921	159.249	159.250			6
2026.05.29	02:23:34.425	159.250	159.251			6
2026.05.29	02:23:36.832	159.243	159.244			6
2026.05.29	02:23:37.134	159.241	159.242			6
2026.05.29	02:23:38.938	159.240	159.241			6
2026.05.29	02:23:40.441	159.239	159.240			6
2026.05.29	02:23:51.864	159.240	159.241			6
2026.05.29	02:23:52.769	159.239	159.240			6
2026.05.29	02:23:53.371	159.240	159.241			6
2026.05.29	02:23:55.475	159.239	159.240			6
2026.05.29	02:23:59.084	159.240	159.241			6
2026.05.29	02:23:59.985	159.239	159.240			6
2026.05.29	02:24:00.285	159.240	159.241			6
2026.05.29	02:24:07.208	159.238	159.239			6
2026.05.29	02:24:33.688	159.237	159.238			6
2026.05.29	02:24:34.585	159.238	159.239			6
2026.05.29	02:24:35.789	159.239	159.240			6
2026.05.29	02:24:38.498	159.241	159.242			6
2026.05.29	02:24:40.606	159.242	159.243			6
2026.05.29	02:24:49.340	159.241	159.242			6
2026.05.29	02:24:59.553	159.240	159.241			6
2026.05.29	02:24:59.854	159.241	159.242			6
2026.05.29	02:25:00.155	159.240	159.241			6
2026.05.29	02:25:00.454	159.238	159.239			6
2026.05.29	02:25:00.756	159.237	159.238			6
2026.05.29	02:25:02.257	159.238	159.239			6
2026.05.29	02:25:26.640	159.237	159.238			6
2026.05.29	02:25:36.557	159.238	159.239			6
2026.05.29	02:25:36.857	159.239	159.240			6
2026.05.29	02:25:37.157	159.238	159.239			6
2026.05.29	02:25:43.484	159.237	159.238			6
2026.05.29	02:25:44.082	159.238	159.239			6
2026.05.29	02:25:47.691	159.237	159.238			6
2026.05.29	02:26:00.028	159.237				2
2026.05.29	02:26:12.053	159.238	159.239			6
2026.05.29	02:26:23.778	159.239	159.240			6
2026.05.29	02:26:24.385	159.240	159.241			6
2026.05.29	02:26:25.585	159.241	159.242			6
2026.05.29	02:27:00.159	159.241				2
2026.05.29	02:27:00.452	159.240	159.241			6
2026.05.29	02:27:07.379	159.241	159.242			6
2026.05.29	02:27:29.919	159.242	159.243			6
2026.05.29	02:27:34.129	159.241	159.242			6
2026.05.29	02:27:36.235	159.242	159.243			6
2026.05.29	02:27:51.866	159.241	159.242			6
2026.05.29	02:27:53.369	159.242	159.243			6
2026.05.29	02:28:00.278	159.242				2
2026.05.29	02:28:01.181	159.241	159.242			6
2026.05.29	02:28:19.526	159.242	159.243			6
2026.05.29	02:28:31.852	159.240	159.241			6
2026.05.29	02:28:39.065	159.241	159.242			6
2026.05.29	02:28:40.871	159.242	159.243			6
2026.05.29	02:28:45.081	159.241	159.242			6
2026.05.29	02:29:00.112	159.241				2
2026.05.29	02:29:11.524	159.240	159.241			6
2026.05.29	02:29:12.726	159.241	159.242			6
2026.05.29	02:29:37.974	159.242	159.243			6
2026.05.29	02:29:38.273	159.241	159.242			6
2026.05.29	02:29:43.076	159.242	159.243			6
2026.05.29	02:29:44.286	159.243	159.244			6
2026.05.29	02:29:45.483	159.242	159.243			6
2026.05.29	02:29:48.496	159.240	159.241			6
2026.05.29	02:29:50.298	159.239	159.240			6
2026.05.29	02:29:53.008	159.240	159.241			6
2026.05.29	02:30:00.239	159.241	159.242			6
2026.05.29	02:30:01.148	159.275	159.276			6
2026.05.29	02:30:01.440	159.272	159.273			6
2026.05.29	02:30:02.340		159.277			4
2026.05.29	02:30:02.648		159.279			4
2026.05.29	02:30:02.942	159.273	159.280			6
2026.05.29	02:30:04.150	159.274	159.278			6
2026.05.29	02:30:05.051	159.273	159.279			6
2026.05.29	02:30:05.353	159.274				2
2026.05.29	02:30:05.655	159.273	159.280			6
2026.05.29	02:30:05.947		159.279			4
2026.05.29	02:30:06.250	159.274				2
2026.05.29	02:30:06.964	159.273				2
2026.05.29	02:30:08.756	159.263	159.269			6
2026.05.29	02:30:09.059	159.262	159.268			6
2026.05.29	02:30:10.959	159.261	159.269			6
2026.05.29	02:30:12.486		159.268			4
2026.05.29	02:30:13.389	159.262				2
2026.05.29	02:30:13.692	159.266	159.271			6
2026.05.29	02:30:13.992	159.264	159.269			6
2026.05.29	02:30:16.651	159.263				2
2026.05.29	02:30:17.701	159.264				2
2026.05.29	02:30:20.011	159.263				2
2026.05.29	02:30:23.936		159.267			4
2026.05.29	02:30:24.238	159.262				2
2026.05.29	02:30:25.177		159.268			4
2026.05.29	02:30:25.477	159.261				2
2026.05.29	02:30:29.260	159.262				2
2026.05.29	02:30:30.461	159.264	159.269			6
2026.05.29	02:30:33.305	159.263				2
2026.05.29	02:30:34.205		159.268			4
2026.05.29	02:30:34.507		159.267			4
2026.05.29	02:30:37.671		159.268			4
2026.05.29	02:30:38.271		159.267			4
2026.05.29	02:30:39.607	159.262				2
2026.05.29	02:30:39.906		159.268			4
2026.05.29	02:30:40.206		159.267			4
2026.05.29	02:30:42.120		159.268			4
2026.05.29	02:31:00.071	159.262				2
2026.05.29	02:31:03.092		159.267			4
2026.05.29	02:31:03.392	159.249	159.256			6
2026.05.29	02:31:03.994	159.236	159.241			6
2026.05.29	02:31:04.293		159.243			4
2026.05.29	02:31:05.812	159.237	159.245			6
2026.05.29	02:31:08.246		159.244			4
2026.05.29	02:31:08.547		159.245			4
2026.05.29	02:31:08.847	159.249	159.255			6
2026.05.29	02:31:09.148		159.256			4
2026.05.29	02:31:10.350	159.250				2
2026.05.29	02:31:12.553		159.257			4
2026.05.29	02:31:12.854	159.249	159.256			6
2026.05.29	02:31:13.155	159.250				2
2026.05.29	02:31:13.455	159.249	159.257			6
2026.05.29	02:31:14.175		159.256			4
2026.05.29	02:31:16.881		159.255			4
2026.05.29	02:31:49.841	159.250				2
2026.05.29	02:32:00.243	159.250				2
2026.05.29	02:32:01.363	159.248	159.254			6
2026.05.29	02:32:01.664	159.252	159.258			6
2026.05.29	02:32:02.875	159.251	159.257			6
2026.05.29	02:32:03.174	159.248	159.254			6
2026.05.29	02:32:03.474	159.249				2
2026.05.29	02:32:07.907	159.250				2
2026.05.29	02:32:09.186	159.249				2
2026.05.29	02:32:10.348	159.250				2
2026.05.29	02:32:12.607	159.249				2
2026.05.29	02:32:12.909		159.255			4
2026.05.29	02:32:18.370		159.254			4
2026.05.29	02:32:22.071		159.255			4
2026.05.29	02:32:26.611	159.247	159.253			6
2026.05.29	02:32:26.910		159.252			4
2026.05.29	02:32:27.213		159.253			4
2026.05.29	02:32:30.729		159.252			4
2026.05.29	02:32:31.034		159.253			4
2026.05.29	02:32:32.395		159.252			4
2026.05.29	02:32:39.163		159.251			4
2026.05.29	02:32:43.710		159.252			4
2026.05.29	02:32:44.010		159.253			4
2026.05.29	02:32:45.577		159.252			4
2026.05.29	02:32:45.878	159.249	159.255			6
2026.05.29	02:32:48.951	159.250				2
2026.05.29	02:32:51.273	159.249				2
2026.05.29	02:32:53.532	159.250				2
2026.05.29	02:33:00.477	159.250				2
2026.05.29	02:33:18.880	159.249	159.256			6
2026.05.29	02:33:23.942	159.250				2
2026.05.29	02:33:26.690		159.255			4
2026.05.29	02:33:34.370		159.256			4
2026.05.29	02:33:34.670		159.255			4
2026.05.29	02:33:36.172	159.249				2
2026.05.29	02:33:40.447	159.250				2
2026.05.29	02:33:44.653	159.249				2
2026.05.29	02:33:52.464	159.250				2
2026.05.29	02:33:56.371	159.249				2
2026.05.29	02:33:56.971	159.252	159.256			6
2026.05.29	02:33:57.272	159.249				2
2026.05.29	02:33:57.572	159.251	159.255			6
2026.05.29	02:33:57.873	159.249				2
2026.05.29	02:33:58.172	159.252	159.256			6
2026.05.29	02:33:58.503	159.250				2
2026.05.29	02:33:58.814	159.252				2
2026.05.29	02:33:59.222	159.250				2
2026.05.29	02:33:59.630	159.252				2
2026.05.29	02:33:59.930	159.250				2
2026.05.29	02:34:00.230	159.252				2
2026.05.29	02:34:00.563	159.250				2
2026.05.29	02:34:02.232	159.249				2
2026.05.29	02:34:02.533	159.250	159.255			6
2026.05.29	02:34:03.117	159.249				2
2026.05.29	02:34:18.305	159.250				2
2026.05.29	02:34:20.382	159.249				2
2026.05.29	02:34:32.658	159.250				2
2026.05.29	02:34:38.867	159.249				2
2026.05.29	02:34:39.167	159.250				2
2026.05.29	02:34:39.803	159.249				2
2026.05.29	02:34:53.064		159.254			4
2026.05.29	02:34:54.270	159.248	159.249			6
2026.05.29	02:34:54.570	159.236	159.241			6
2026.05.29	02:34:54.870		159.240			4
2026.05.29	02:34:55.171		159.241			4
2026.05.29	02:34:56.453	159.238	159.242			6
2026.05.29	02:34:56.753	159.236	159.241			6
2026.05.29	02:34:58.554	159.234	159.239			6
2026.05.29	02:34:58.855	159.232	159.233			6
2026.05.29	02:34:59.154	159.226	159.231			6
2026.05.29	02:34:59.454	159.225	159.230			6
2026.05.29	02:35:00.054	159.225				2
2026.05.29	02:35:00.655		159.231			4
2026.05.29	02:35:01.255	159.224	159.230			6
2026.05.29	02:35:01.555	159.225	159.231			6
2026.05.29	02:35:04.018	159.230	159.236			6
2026.05.29	02:35:04.318	159.229	159.235			6
2026.05.29	02:35:09.165		159.234			4
2026.05.29	02:35:14.276	159.230	159.236			6
2026.05.29	02:35:16.136	159.229	159.235			6
2026.05.29	02:35:24.859		159.233			4
2026.05.29	02:35:27.871	159.228				2
2026.05.29	02:35:28.171	159.226	159.232			6
2026.05.29	02:35:30.575	159.227				2
2026.05.29	02:35:32.657		159.231			4
2026.05.29	02:35:34.162		159.232			4
2026.05.29	02:35:34.955	159.226				2
2026.05.29	02:35:35.256		159.231			4
2026.05.29	02:35:37.061		159.232			4
2026.05.29	02:35:42.783	159.233	159.236			6
2026.05.29	02:35:43.084	159.234	159.239			6
2026.05.29	02:35:53.627	159.236	159.241			6
2026.05.29	02:36:00.250	159.237	159.242			6
2026.05.29	02:36:02.956	159.236	159.241			6
2026.05.29	02:36:09.574	159.234	159.239			6
2026.05.29	02:36:22.193		159.238			4
2026.05.29	02:36:27.304		159.239			4
2026.05.29	02:36:39.631	159.241	159.244			6
2026.05.29	02:36:42.804		159.245			4
2026.05.29	02:36:48.706	159.242	159.244			6
2026.05.29	02:36:56.702	159.241				2
2026.05.29	02:37:00.294	159.242				2
2026.05.29	02:37:15.748	159.240				2
2026.05.29	02:37:20.761	159.239	159.243			6
2026.05.29	02:37:21.569		159.244			4
2026.05.29	02:37:30.807	159.241				2
2026.05.29	02:37:34.378	159.239	159.241			6
2026.05.29	02:37:34.678	159.235	159.238			6
2026.05.29	02:37:34.979	159.229	159.233			6
2026.05.29	02:37:35.280	159.228				2
2026.05.29	02:37:37.684	159.230	159.234			6
2026.05.29	02:37:37.985		159.235			4
2026.05.29	02:37:40.393		159.234			4
2026.05.29	02:37:40.693		159.235			4
2026.05.29	02:37:41.594	159.231	159.236			6
2026.05.29	02:37:44.300		159.235			4
2026.05.29	02:37:44.904		159.236			4
2026.05.29	02:37:46.109	159.232	159.235			6
2026.05.29	02:37:46.410	159.230				2
2026.05.29	02:37:46.710		159.234			4
2026.05.29	02:37:47.916		159.235			4
2026.05.29	02:37:52.733	159.231				2
2026.05.29	02:37:54.836		159.236			4
2026.05.29	02:37:55.741		159.235			4
2026.05.29	02:37:59.048		159.234			4
2026.05.29	02:37:59.649	159.232	159.236			6
2026.05.29	02:38:00.249	159.232				2
2026.05.29	02:38:02.651	159.233	159.237			6
2026.05.29	02:38:03.251	159.235	159.239			6
2026.05.29	02:38:04.152	159.236	159.240			6
2026.05.29	02:38:09.265	159.235	159.239			6
2026.05.29	02:38:14.374	159.236	159.240			6
2026.05.29	02:38:14.674	159.235	159.239			6
2026.05.29	02:38:14.974	159.234	159.238			6
2026.05.29	02:38:15.574	159.233	159.237			6
2026.05.29	02:38:15.875		159.236			4
2026.05.29	02:38:20.986	159.237	159.241			6
2026.05.29	02:38:28.806		159.240			4
2026.05.29	02:38:29.106	159.236				2
2026.05.29	02:38:36.633		159.239			4
2026.05.29	02:38:41.746		159.240			4
2026.05.29	02:38:46.249	159.237				2
2026.05.29	02:38:47.149	159.238				2
2026.05.29	02:38:51.357	159.237				2
2026.05.29	02:38:51.957		159.238			4
2026.05.29	02:38:52.258		159.239			4
2026.05.29	02:38:55.571	159.236	159.238			6
2026.05.29	02:38:55.871	159.235	159.236			6
2026.05.29	02:38:58.874		159.237			4
2026.05.29	02:38:59.174		159.236			4
2026.05.29	02:38:59.474	159.234	159.235			6
2026.05.29	02:39:00.077	159.234				2
2026.05.29	02:39:04.889	159.232	159.234			6
2026.05.29	02:39:05.194	159.231				2
2026.05.29	02:39:05.800		159.233			4
2026.05.29	02:39:06.400		159.234			4
2026.05.29	02:39:08.206		159.233			4
2026.05.29	02:39:10.913		159.234			4
2026.05.29	02:39:13.326	159.232	159.235			6
2026.05.29	02:39:16.334	159.231	159.234			6
2026.05.29	02:39:19.341	159.241	159.243			6
2026.05.29	02:39:22.346	159.252	159.254			6
2026.05.29	02:39:22.646		159.256			4
2026.05.29	02:39:23.248		159.257			4
2026.05.29	02:39:23.547	159.257	159.260			6
2026.05.29	02:39:23.847	159.261	159.263			6
2026.05.29	02:39:24.147	159.260				2
2026.05.29	02:39:25.048	159.263	159.266			6
2026.05.29	02:39:25.349		159.267			4
2026.05.29	02:39:26.249	159.258	159.260			6
2026.05.29	02:39:26.550	159.255	159.259			6
2026.05.29	02:39:29.553	159.254				2
2026.05.29	02:39:30.455	159.255	159.260			6
2026.05.29	02:39:30.755		159.259			4
2026.05.29	02:39:38.143	159.266	159.271			6
2026.05.29	02:39:39.415	159.265	159.270			6
2026.05.29	02:39:43.621	159.266				2
2026.05.29	02:39:46.327	159.272	159.276			6
2026.05.29	02:39:46.628	159.273				2
2026.05.29	02:39:46.928	159.274	159.277			6
2026.05.29	02:39:47.228		159.278			4
2026.05.29	02:39:47.530	159.273				2
2026.05.29	02:39:48.898	159.274				2
2026.05.29	02:39:49.197	159.273	159.279			6
2026.05.29	02:39:49.500		159.278			4
2026.05.29	02:39:55.305		159.277			4
2026.05.29	02:39:55.906	159.267	159.272			6
2026.05.29	02:39:56.207		159.273			4
2026.05.29	02:39:56.888	159.268				2
2026.05.29	02:40:00.140	159.268				2
2026.05.29	02:40:00.441	159.266	159.272			6
2026.05.29	02:40:00.741		159.271			4
2026.05.29	02:40:03.446		159.270			4
2026.05.29	02:40:03.748	159.265				2
2026.05.29	02:40:04.351	159.264	159.268			6
2026.05.29	02:40:04.951		159.269			4
2026.05.29	02:40:06.036	159.256	159.262			6
2026.05.29	02:40:07.679	159.257				2
2026.05.29	02:40:08.320	159.254	159.260			6
2026.05.29	02:40:08.621		159.259			4
2026.05.29	02:40:20.353	159.255	159.260			6
2026.05.29	02:40:29.509		159.261			4
2026.05.29	02:40:38.381		159.260			4
2026.05.29	02:40:44.699	159.262	159.268			6
2026.05.29	02:40:45.000	159.263	159.269			6
2026.05.29	02:40:47.610	159.266	159.271			6
2026.05.29	02:40:53.229	159.265				2
2026.05.29	02:40:56.272	159.267				2
2026.05.29	02:40:56.573		159.272			4
2026.05.29	02:40:56.873	159.268				2
2026.05.29	02:41:00.016	159.268				2
2026.05.29	02:41:06.029	159.266	159.271			6
2026.05.29	02:41:06.330	159.264	159.270			6
2026.05.29	02:41:10.971	159.265	159.271			6
2026.05.29	02:41:18.688	159.263	159.268			6
2026.05.29	02:41:18.988		159.269			4
2026.05.29	02:41:19.288	159.262	159.267			6
2026.05.29	02:41:19.589		159.268			4
2026.05.29	02:41:20.637	159.263				2
2026.05.29	02:41:22.140	159.264	159.269			6
2026.05.29	02:41:26.196	159.265	159.271			6
2026.05.29	02:41:31.633	159.266				2
2026.05.29	02:41:31.933	159.267				2
2026.05.29	02:41:32.537	159.266				2
2026.05.29	02:42:00.161	159.266				2
2026.05.29	02:42:00.761		159.270			4
2026.05.29	02:42:01.365		159.271			4
2026.05.29	02:42:03.631		159.270			4
2026.05.29	02:42:05.133	159.265				2
2026.05.29	02:42:06.635	159.266				2
2026.05.29	02:42:07.237	159.267	159.271			6
2026.05.29	02:42:07.537	159.266				2
2026.05.29	02:42:08.205	159.267				2
2026.05.29	02:42:18.646	159.266	159.270			6
2026.05.29	02:42:24.060	159.267	159.271			6
2026.05.29	02:42:36.388	159.266	159.270			6
2026.05.29	02:42:39.396	159.267	159.271			6
2026.05.29	02:42:40.899	159.266	159.270			6
2026.05.29	02:42:41.200	159.267				2
2026.05.29	02:42:53.219	159.266	159.269			6
2026.05.29	02:42:53.522	159.267	159.270			6
2026.05.29	02:42:53.825	159.266	159.269			6
2026.05.29	02:43:00.138	159.267	159.270			6
2026.05.29	02:43:04.644	159.266	159.269			6
2026.05.29	02:43:09.149	159.267				2
2026.05.29	02:43:10.650	159.266	159.268			6
2026.05.29	02:43:16.057	159.267	159.269			6
2026.05.29	02:43:17.266	159.266	159.268			6
2026.05.29	02:43:25.978	159.267	159.269			6
2026.05.29	02:43:33.194		159.268			4
2026.05.29	02:43:44.625	159.268	159.269			6
2026.05.29	02:43:51.848	159.267	159.268			6
2026.05.29	02:43:55.453	159.266	159.267			6
2026.05.29	02:44:00.271	159.266				2
2026.05.29	02:44:02.374	159.267	159.268			6
2026.05.29	02:44:05.978	159.268	159.269			6
2026.05.29	02:44:11.987	159.267	159.268			6
2026.05.29	02:44:12.288	159.266	159.267			6
2026.05.29	02:44:22.213	159.267	159.268			6
2026.05.29	02:44:44.753	159.266	159.267			6
2026.05.29	02:44:45.053	159.267	159.268			6
2026.05.29	02:44:50.773	159.268	159.269			6
2026.05.29	02:44:53.777	159.266	159.267			6
2026.05.29	02:44:55.278	159.268	159.269			6
2026.05.29	02:44:59.486	159.266	159.267			6
2026.05.29	02:45:00.086	159.266				2
2026.05.29	02:45:06.700	159.268	159.269			6
2026.05.29	02:45:07.302	159.266	159.267			6
2026.05.29	02:45:07.602	159.267	159.268			6
2026.05.29	02:45:13.321	159.266	159.267			6
2026.05.29	02:45:14.523	159.265	159.266			6
2026.05.29	02:45:16.632	159.266	159.267			6
2026.05.29	02:45:21.141	159.265	159.266			6
2026.05.29	02:45:24.748	159.266	159.267			6
2026.05.29	02:45:27.150	159.265	159.266			6
2026.05.29	02:45:31.053	159.267	159.268			6
2026.05.29	02:45:31.354	159.266	159.267			6
2026.05.29	02:45:34.060	159.267	159.268			6
2026.05.29	02:45:36.465	159.266	159.267			6
2026.05.29	02:45:39.469	159.254	159.255			6
2026.05.29	02:45:39.770	159.253	159.254			6
2026.05.29	02:45:40.370	159.252	159.253			6
2026.05.29	02:45:40.971	159.253	159.254			6
2026.05.29	02:45:44.573	159.254	159.255			6
2026.05.29	02:45:49.981	159.252	159.253			6
2026.05.29	02:45:53.283	159.253	159.254			6
2026.05.29	02:45:59.296	159.254	159.255			6
2026.05.29	02:45:59.895	159.253	159.254			6
2026.05.29	02:46:00.198	159.253				2
2026.05.29	02:46:01.400	159.254	159.255			6
2026.05.29	02:46:02.600	159.253	159.254			6
2026.05.29	02:46:15.834	159.252	159.253			6
2026.05.29	02:46:19.141	159.254	159.255			6
2026.05.29	02:46:23.342	159.261	159.262			6
2026.05.29	02:46:23.642	159.262	159.263			6
2026.05.29	02:46:28.149	159.263	159.264			6
2026.05.29	02:46:28.449	159.264	159.265			6
2026.05.29	02:46:33.253	159.266	159.267			6
2026.05.29	02:46:34.153	159.267	159.268			6
2026.05.29	02:46:35.055	159.266	159.267			6
2026.05.29	02:46:35.355	159.267	159.268			6
2026.05.29	02:46:39.261	159.266	159.267			6
2026.05.29	02:46:53.085	159.267	159.268			6
2026.05.29	02:46:55.489	159.266	159.267			6
2026.05.29	02:47:00.000	159.266				2
2026.05.29	02:47:05.409	159.267	159.268			6
2026.05.29	02:47:05.710	159.266	159.267			6
2026.05.29	02:47:21.347	159.267	159.268			6
2026.05.29	02:47:24.048	159.266	159.267			6
2026.05.29	02:47:25.852	159.267	159.268			6
2026.05.29	02:47:27.955	159.266	159.267			6
2026.05.29	02:47:29.157	159.267	159.268			6
2026.05.29	02:47:33.369	159.266	159.267			6
2026.05.29	02:47:47.199	159.265	159.266			6
2026.05.29	02:48:00.126	159.265				2
2026.05.29	02:48:01.927	159.264	159.265			6
2026.05.29	02:48:11.547	159.265	159.266			6
2026.05.29	02:48:12.148	159.266	159.267			6
2026.05.29	02:48:12.749	159.265	159.266			6
2026.05.29	02:48:36.505	159.263	159.264			6
2026.05.29	02:48:40.412	159.265	159.266			6
2026.05.29	02:48:41.612	159.264	159.265			6
2026.05.29	02:48:47.330	159.266	159.267			6
2026.05.29	02:48:48.231	159.267	159.268			6
2026.05.29	02:49:00.256	159.265	159.266			6
2026.05.29	02:49:00.557	159.266	159.267			6
2026.05.29	02:49:02.359	159.265	159.266			6
2026.05.29	02:49:03.563	159.266	159.267			6
2026.05.29	02:49:04.163	159.265	159.266			6
2026.05.29	02:49:05.666	159.266	159.267			6
2026.05.29	02:49:08.073	159.265	159.266			6
2026.05.29	02:49:08.373	159.266	159.267			6
2026.05.29	02:49:08.673	159.265	159.266			6
2026.05.29	02:49:08.973	159.266	159.267			6
2026.05.29	02:49:11.374	159.276	159.277			6
2026.05.29	02:49:11.675	159.277	159.278			6
2026.05.29	02:49:16.781	159.278	159.279			6
2026.05.29	02:49:17.981	159.277	159.278			6
2026.05.29	02:49:20.984	159.278	159.279			6
2026.05.29	02:49:21.885	159.279	159.280			6
2026.05.29	02:49:23.087	159.278	159.279			6
2026.05.29	02:49:23.389	159.279	159.280			6
2026.05.29	02:49:23.689	159.278	159.279			6
2026.05.29	02:49:28.800	159.279	159.280			6
2026.05.29	02:49:30.603	159.278	159.279			6
2026.05.29	02:49:31.503	159.277	159.278			6
2026.05.29	02:49:38.724	159.278	159.279			6
2026.05.29	02:49:42.332	159.276	159.277			6
2026.05.29	02:49:42.938	159.278	159.279			6
2026.05.29	02:49:48.650	159.271	159.272			6
2026.05.29	02:49:48.950	159.266	159.267			6
2026.05.29	02:49:49.852	159.267	159.268			6
2026.05.29	02:49:50.153	159.266				2
2026.05.29	02:49:52.555	159.264	159.266			6
2026.05.29	02:50:00.075	159.264				2
2026.05.29	02:50:00.675	159.265	159.267			6
2026.05.29	02:50:02.775	159.264	159.266			6
2026.05.29	02:50:14.194	159.265				2
2026.05.29	02:50:15.397	159.263	159.264			6
2026.05.29	02:50:15.999	159.264	159.265			6
2026.05.29	02:50:16.904	159.265	159.266			6
2026.05.29	02:50:18.107	159.264	159.265			6
2026.05.29	02:50:26.530	159.265	159.266			6
2026.05.29	02:50:30.441	159.267	159.268			6
2026.05.29	02:50:31.643	159.266	159.267			6
2026.05.29	02:50:38.548	159.265	159.266			6
2026.05.29	02:50:39.450	159.264	159.265			6
2026.05.29	02:50:41.551	159.263	159.264			6
2026.05.29	02:50:41.853	159.264	159.265			6
2026.05.29	02:50:42.754	159.263	159.264			6
2026.05.29	02:50:43.354	159.264	159.265			6
2026.05.29	02:50:58.395	159.263	159.264			6
2026.05.29	02:50:59.598	159.264	159.265			6
2026.05.29	02:51:00.200	159.264				2
2026.05.29	02:51:02.007	159.263	159.264			6
2026.05.29	02:51:07.415	159.256	159.257			6
2026.05.29	02:51:07.715	159.252	159.253			6
2026.05.29	02:51:08.616	159.251	159.252			6
2026.05.29	02:51:09.215		159.253			4
2026.05.29	02:51:12.221		159.252			4
2026.05.29	02:51:13.123	159.252	159.253			6
2026.05.29	02:51:13.724	159.251	159.252			6
2026.05.29	02:51:14.024	159.252	159.253			6
2026.05.29	02:51:14.927	159.251	159.252			6
2026.05.29	02:51:15.228	159.252	159.253			6
2026.05.29	02:51:18.543	159.251	159.252			6
2026.05.29	02:51:18.843	159.252	159.253			6
2026.05.29	02:51:20.347	159.251	159.252			6
2026.05.29	02:51:21.248	159.252	159.253			6
2026.05.29	02:51:24.853	159.251	159.252			6
2026.05.29	02:51:26.353	159.252	159.253			6
2026.05.29	02:51:26.654	159.248	159.249			6
2026.05.29	02:51:26.954	159.242	159.243			6
2026.05.29	02:51:27.254	159.240	159.241			6
2026.05.29	02:51:28.155	159.239	159.242			6
2026.05.29	02:51:28.455	159.238				2
2026.05.29	02:51:28.756	159.239				2
2026.05.29	02:51:29.057	159.238				2
2026.05.29	02:51:29.357	159.237	159.241			6
2026.05.29	02:51:30.559	159.236	159.240			6
2026.05.29	02:51:31.763	159.237	159.241			6
2026.05.29	02:51:33.572	159.238				2
2026.05.29	02:51:33.871		159.242			4
2026.05.29	02:51:34.172	159.225	159.229			6
2026.05.29	02:51:34.471		159.227			4
2026.05.29	02:51:34.772	159.224				2
2026.05.29	02:51:35.072	159.222	159.226			6
2026.05.29	02:51:35.372	159.221	159.227			6
2026.05.29	02:51:35.672	159.223				2
2026.05.29	02:51:37.775	159.224				2
2026.05.29	02:51:38.376	159.221				2
2026.05.29	02:51:38.976	159.224				2
2026.05.29	02:51:39.277		159.228			4
2026.05.29	02:51:40.862	159.223				2
2026.05.29	02:51:41.462	159.224				2
2026.05.29	02:51:42.813	159.235	159.237			6
2026.05.29	02:51:43.114	159.236	159.238			6
2026.05.29	02:51:43.737		159.239			4
2026.05.29	02:51:44.039		159.238			4
2026.05.29	02:51:44.339	159.237	159.240			6
2026.05.29	02:51:44.641		159.241			4
2026.05.29	02:51:49.447		159.242			4
2026.05.29	02:51:53.998		159.241			4
2026.05.29	02:52:00.012	159.237				2
2026.05.29	02:52:01.514		159.240			4
2026.05.29	02:52:01.814		159.241			4
2026.05.29	02:52:02.116	159.238				2
2026.05.29	02:52:03.016	159.236	159.240			6
2026.05.29	02:52:03.316	159.235				2
2026.05.29	02:52:06.319	159.236				2
2026.05.29	02:52:10.228	159.235				2
2026.05.29	02:52:10.531		159.241			4
2026.05.29	02:52:10.831		159.240			4
2026.05.29	02:52:11.132	159.236				2
2026.05.29	02:52:12.940	159.237	159.242			6
2026.05.29	02:52:13.238	159.238	159.244			6
2026.05.29	02:52:13.537		159.243			4
2026.05.29	02:52:13.839	159.240	159.244			6
2026.05.29	02:52:15.042	159.239				2
2026.05.29	02:52:15.642	159.240				2
2026.05.29	02:52:20.149	159.239				2
2026.05.29	02:52:25.860		159.245			4
2026.05.29	02:52:27.362	159.242	159.246			6
2026.05.29	02:52:27.662		159.247			4
2026.05.29	02:52:31.870		159.246			4
2026.05.29	02:52:36.674		159.245			4
2026.05.29	02:52:37.877	159.252	159.257			6
2026.05.29	02:52:38.177		159.258			4
2026.05.29	02:52:38.476	159.253	159.257			6
2026.05.29	02:52:38.777	159.252	159.256			6
2026.05.29	02:52:39.677	159.253				2
2026.05.29	02:52:40.881	159.252				2
2026.05.29	02:52:41.785		159.257			4
2026.05.29	02:52:42.085		159.255			4
2026.05.29	02:52:42.386		159.256			4
2026.05.29	02:52:43.589		159.257			4
2026.05.29	02:52:47.555	159.251	159.256			6
2026.05.29	02:52:49.359	159.252	159.257			6
2026.05.29	02:53:00.047	159.252				2
2026.05.29	02:53:03.951	159.251	159.256			6
2026.05.29	02:53:04.250	159.252	159.257			6
2026.05.29	02:53:06.651		159.256			4
2026.05.29	02:53:07.252		159.257			4
2026.05.29	02:53:14.771		159.256			4
2026.05.29	02:53:15.372		159.257			4
2026.05.29	02:53:18.377		159.258			4
2026.05.29	02:53:19.730		159.257			4
2026.05.29	02:53:20.331		159.256			4
2026.05.29	02:53:22.436	159.251	159.255			6
2026.05.29	02:53:23.037	159.252				2
2026.05.29	02:53:23.338		159.256			4
2026.05.29	02:53:26.342	159.251				2
2026.05.29	02:53:26.642		159.255			4
2026.05.29	02:53:26.942		159.256			4
2026.05.29	02:53:27.242		159.255			4
2026.05.29	02:53:29.046		159.256			4
2026.05.29	02:53:30.193		159.255			4
2026.05.29	02:53:31.395	159.252				2
2026.05.29	02:53:32.900	159.251				2
2026.05.29	02:53:33.199		159.256			4
2026.05.29	02:53:33.801	159.252				2
2026.05.29	02:53:34.106		159.257			4
2026.05.29	02:53:41.030		159.256			4
2026.05.29	02:53:46.088	159.253				2
2026.05.29	02:53:47.596	159.252				2
2026.05.29	02:53:54.938	159.254				2
2026.05.29	02:53:55.240	159.252				2
2026.05.29	02:53:56.443	159.254				2
2026.05.29	02:53:56.744	159.252				2
2026.05.29	02:53:58.547	159.253				2
2026.05.29	02:54:00.049	159.253				2
2026.05.29	02:54:00.949	159.254	159.257			6
2026.05.29	02:54:03.356		159.258			4
2026.05.29	02:54:03.655		159.257			4
2026.05.29	02:54:04.856	159.253	159.254			6
2026.05.29	02:54:05.157	159.254	159.258			6
2026.05.29	02:54:05.458		159.257			4
2026.05.29	02:54:05.758		159.258			4
2026.05.29	02:54:07.263	159.253	159.257			6
2026.05.29	02:54:10.268	159.254				2
2026.05.29	02:54:10.569	159.253	159.256			6
2026.05.29	02:54:15.375	159.254	159.257			6
2026.05.29	02:54:15.676	159.253	159.256			6
2026.05.29	02:54:21.085	159.254	159.257			6
2026.05.29	02:54:25.601	159.255				2
2026.05.29	02:54:25.903	159.254				2
2026.05.29	02:54:28.307	159.253	159.256			6
2026.05.29	02:54:31.311	159.254	159.257			6
2026.05.29	02:54:32.211		159.256			4
2026.05.29	02:54:37.922	159.253	159.255			6
2026.05.29	02:54:42.736	159.255	159.257			6
2026.05.29	02:54:48.449	159.254	159.256			6
2026.05.29	02:54:53.255	159.253	159.254			6
2026.05.29	02:54:53.556	159.254	159.255			6
2026.05.29	02:55:00.166	159.254				2
2026.05.29	02:55:00.469	159.255	159.256			6
2026.05.29	02:55:02.872	159.254	159.255			6
2026.05.29	02:55:03.171	159.253	159.254			6
2026.05.29	02:55:07.673	159.254	159.255			6
2026.05.29	02:55:07.974	159.253	159.254			6
2026.05.29	02:55:08.573	159.252	159.253			6
2026.05.29	02:55:13.379	159.254	159.255			6
2026.05.29	02:55:17.584	159.253	159.254			6
2026.05.29	02:55:17.885	159.254	159.255			6
2026.05.29	02:55:27.810	159.255	159.256			6
2026.05.29	02:55:31.719	159.268	159.269			6
2026.05.29	02:55:32.020	159.269	159.270			6
2026.05.29	02:55:32.323	159.271	159.272			6
2026.05.29	02:55:32.621	159.270	159.271			6
2026.05.29	02:55:33.226		159.273			4
2026.05.29	02:55:34.127	159.272	159.275			6
2026.05.29	02:55:36.541	159.271				2
2026.05.29	02:55:38.944	159.272				2
