<DATE>	<TIME>	<BID>	<ASK>	<LAST>	<VOLUME>	<FLAGS>
2026.03.06	00:03:30.476	157.526	157.592			6
2026.03.06	00:03:42.512	157.552	157.618			6
2026.03.06	00:03:44.920	157.553	157.619			6
2026.03.06	00:04:00.265	157.553				2
2026.03.06	00:04:02.074	157.552	157.618			6
2026.03.06	00:05:00.197	157.552				2
2026.03.06	00:05:02.309		157.618			4
2026.03.06	00:05:04.418	157.544	157.610			6
2026.03.06	00:05:06.217	157.549	157.615			6
2026.03.06	00:05:07.718	157.548	157.614			6
2026.03.06	00:05:18.852	157.546	157.612			6
2026.03.06	00:05:29.387	157.545	157.611			6
2026.03.06	00:05:43.217	157.522	157.588			6
2026.03.06	00:05:48.332	157.520	157.586			6
2026.03.06	00:06:00.101	157.543	157.609			6
2026.03.06	00:06:05.204	157.544	157.610			6
2026.03.06	00:06:07.611	157.535	157.601			6
2026.03.06	00:06:11.513	157.534	157.600			6
2026.03.06	00:06:13.014	157.535	157.601			6
2026.03.06	00:06:15.723	157.534	157.600			6
2026.03.06	00:06:32.267	157.532	157.598			6
2026.03.06	00:06:49.135	157.534	157.600			6
2026.03.06	00:06:58.463	157.533	157.599			6
2026.03.06	00:07:00.278	157.535	157.601			6
2026.03.06	00:07:00.878	157.546	157.612			6
2026.03.06	00:07:09.012	157.545	157.611			6
2026.03.06	00:07:10.209	157.546	157.612			6
2026.03.06	00:07:10.810	157.544	157.610			6
2026.03.06	00:07:15.623	157.534	157.600			6
2026.03.06	00:07:34.306	157.543	157.617			6
2026.03.06	00:07:34.610	157.544	157.618			6
2026.03.06	00:07:49.076	157.543	157.617			6
2026.03.06	00:07:50.582	157.544	157.618			6
2026.03.06	00:07:54.794	157.543	157.617			6
2026.03.06	00:08:00.207	157.558	157.632			6
2026.03.06	00:08:07.435	157.557	157.631			6
2026.03.06	00:08:14.396	157.558	157.632			6
2026.03.06	00:08:18.009	157.559	157.633			6
2026.03.06	00:08:23.418	157.558	157.632			6
2026.03.06	00:08:26.421	157.559	157.633			6
2026.03.06	00:08:29.430	157.560	157.634			6
2026.03.06	00:08:30.336	157.561	157.635			6
2026.03.06	00:08:31.840	157.559	157.633			6
2026.03.06	00:08:40.290	157.560	157.634			6
2026.03.06	00:08:52.614	157.554	157.628			6
2026.03.06	00:08:55.318	157.551	157.625			6
2026.03.06	00:09:00.138	157.558	157.632			6
2026.03.06	00:09:04.676	157.557	157.631			6
2026.03.06	00:09:08.887	157.558	157.632			6
2026.03.06	00:09:15.510	157.557	157.631			6
2026.03.06	00:09:22.726	157.558	157.632			6
2026.03.06	00:09:31.165	157.564	157.635			6
2026.03.06	00:09:31.462	157.569				2
2026.03.06	00:09:34.477	157.564				2
2026.03.06	00:10:00.034	157.564				2
2026.03.06	00:10:00.335	157.565				2
2026.03.06	00:10:03.344		157.659			4
2026.03.06	00:10:04.244		157.635			4
2026.03.06	00:10:06.351	157.564				2
2026.03.06	00:10:10.272		157.641			4
2026.03.06	00:10:11.471	157.563	157.657			6
2026.03.06	00:10:22.314	157.588	157.671			6
2026.03.06	00:10:23.513	157.590	157.669			6
2026.03.06	00:10:27.118	157.589	157.668			6
2026.03.06	00:10:28.019	157.588	157.667			6
2026.03.06	00:10:31.023	157.586	157.665			6
2026.03.06	00:10:32.828	157.583	157.662			6
2026.03.06	00:10:33.126	157.585	157.664			6
2026.03.06	00:10:41.238	157.584	157.663			6
2026.03.06	00:10:41.539	157.586	157.665			6
2026.03.06	00:10:43.976	157.587	157.666			6
2026.03.06	00:10:44.282	157.586	157.665			6
2026.03.06	00:10:44.584	157.585	157.664			6
2026.03.06	00:10:45.188	157.539	157.605			6
2026.03.06	00:10:45.486	157.538	157.604			6
2026.03.06	00:10:57.811	157.539	157.605			6
2026.03.06	00:11:00.214	157.549	157.615			6
2026.03.06	00:11:03.523	157.550	157.616			6
2026.03.06	00:11:05.328	157.566				2
2026.03.06	00:11:06.525	157.570				2
2026.03.06	00:11:07.726		157.617			4
2026.03.06	00:11:11.337	157.567	157.605			6
2026.03.06	00:11:12.837		157.606			4
2026.03.06	00:11:17.052		157.605			4
2026.03.06	00:11:19.468		157.604			4
2026.03.06	00:11:30.008		157.603			4
2026.03.06	00:11:32.407		157.604			4
2026.03.06	00:11:34.211		157.603			4
2026.03.06	00:11:35.111		157.604			4
2026.03.06	00:11:44.736		157.605			4
2026.03.06	00:11:51.647		157.604			4
2026.03.06	00:11:56.771		157.605			4
2026.03.06	00:12:00.080	157.567				2
2026.03.06	00:12:01.595		157.606			4
2026.03.06	00:12:08.216		157.605			4
2026.03.06	00:12:13.016		157.606			4
2026.03.06	00:12:17.824		157.607			4
2026.03.06	00:12:38.597		157.608			4
2026.03.06	00:12:40.404	157.568				2
2026.03.06	00:12:48.218		157.607			4
2026.03.06	00:12:51.229		157.608			4
2026.03.06	00:13:00.238	157.568				2
2026.03.06	00:13:10.200	157.569				2
2026.03.06	00:13:30.034		157.607			4
2026.03.06	00:13:31.232		157.609			4
2026.03.06	00:13:36.944		157.607			4
2026.03.06	00:13:37.848		157.608			4
2026.03.06	00:13:50.189	157.570				2
2026.03.06	00:13:51.095	157.567				2
2026.03.06	00:13:56.211	157.568	157.609			6
2026.03.06	00:14:00.112	157.568				2
2026.03.06	00:14:00.417	157.569				2
2026.03.06	00:14:01.313		157.610			4
2026.03.06	00:14:17.234		157.611			4
2026.03.06	00:14:22.661	157.568	157.610			6
2026.03.06	00:14:30.194	157.569				2
2026.03.06	00:14:42.216	157.567				2
2026.03.06	00:14:43.114	157.563				2
2026.03.06	00:14:44.015		157.611			4
2026.03.06	00:15:00.254	157.563	157.606			6
2026.03.06	00:15:00.557		157.605			4
2026.03.06	00:15:03.269		157.601			4
2026.03.06	00:15:03.567		157.609			4
2026.03.06	00:15:03.870		157.606			4
2026.03.06	00:15:10.194	157.564				2
2026.03.06	00:15:15.606		157.605			4
2026.03.06	00:15:18.615		157.606			4
2026.03.06	00:15:22.526		157.611			4
2026.03.06	00:15:22.819		157.605			4
2026.03.06	00:15:27.627		157.604			4
2026.03.06	00:15:27.927		157.603			4
2026.03.06	00:15:31.537		157.611			4
2026.03.06	00:15:31.842		157.606			4
2026.03.06	00:15:49.009		157.607			4
2026.03.06	00:15:50.214	157.565				2
2026.03.06	00:15:52.916		157.610			4
2026.03.06	00:15:53.213		157.608			4
2026.03.06	00:15:59.836		157.609			4
2026.03.06	00:16:00.141	157.565				2
2026.03.06	00:16:02.541		157.611			4
2026.03.06	00:16:02.842		157.608			4
2026.03.06	00:16:04.345		157.610			4
2026.03.06	00:16:05.546		157.611			4
2026.03.06	00:16:07.663	157.561	157.610			6
2026.03.06	00:16:08.265	157.563	157.611			6
2026.03.06	00:16:15.194		157.613			4
2026.03.06	00:16:18.495		157.614			4
2026.03.06	00:16:20.000		157.613			4
2026.03.06	00:16:21.210		157.612			4
2026.03.06	00:16:26.013		157.613			4
2026.03.06	00:16:30.521	157.566				2
2026.03.06	00:16:33.826	157.535	157.595			6
2026.03.06	00:16:34.124		157.591			4
2026.03.06	00:16:37.738		157.592			4
2026.03.06	00:16:40.457	157.515	157.579			6
2026.03.06	00:16:40.758	157.512	157.572			6
2026.03.06	00:16:41.359	157.534				2
2026.03.06	00:16:41.664		157.571			4
2026.03.06	00:16:41.967		157.572			4
2026.03.06	00:16:45.278		157.573			4
2026.03.06	00:16:52.799		157.572			4
2026.03.06	00:16:57.916		157.571			4
2026.03.06	00:17:00.018	157.534				2
2026.03.06	00:17:12.645	157.509				2
2026.03.06	00:17:21.694		157.570			4
2026.03.06	00:17:25.904	157.534				2
2026.03.06	00:17:28.310		157.569			4
2026.03.06	00:17:30.715		157.568			4
2026.03.06	00:17:40.626		157.565			4
2026.03.06	00:17:40.924		157.566			4
2026.03.06	00:17:49.941	157.516	157.550			6
2026.03.06	00:17:56.274	157.489	157.548			6
2026.03.06	00:17:58.077	157.484	157.542			6
2026.03.06	00:17:58.984	157.516				2
2026.03.06	00:17:59.893		157.538			4
2026.03.06	00:18:00.196	157.516				2
2026.03.06	00:18:07.709		157.537			4
2026.03.06	00:18:08.014		157.542			4
2026.03.06	00:18:11.615		157.541			4
2026.03.06	00:18:27.556		157.540			4
2026.03.06	00:18:29.676	157.484				2
2026.03.06	00:18:31.483		157.539			4
2026.03.06	00:18:43.515		157.540			4
2026.03.06	00:18:57.974		157.539			4
2026.03.06	00:18:59.787		157.540			4
2026.03.06	00:19:00.085	157.484				2
2026.03.06	00:19:07.313		157.541			4
2026.03.06	00:19:12.419		157.540			4
2026.03.06	00:19:23.868	157.516				2
2026.03.06	00:19:40.412		157.541			4
2026.03.06	00:19:45.521		157.540			4
2026.03.06	00:19:50.026		157.541			4
2026.03.06	00:19:54.834	157.484				2
2026.03.06	00:19:57.846		157.540			4
2026.03.06	00:20:00.262	157.484	157.543			6
2026.03.06	00:20:14.397	157.516				2
2026.03.06	00:20:20.415		157.542			4
2026.03.06	00:20:21.015	157.515				2
2026.03.06	00:20:31.528	157.514				2
2026.03.06	00:20:35.737		157.543			4
2026.03.06	00:20:43.262	157.512				2
2026.03.06	00:20:45.075	157.484				2
2026.03.06	00:20:58.619	157.434	157.511			6
2026.03.06	00:20:58.920	157.435	157.499			6
2026.03.06	00:20:59.524	157.425				2
2026.03.06	00:20:59.824	157.434				2
2026.03.06	00:21:00.121	157.425				2
2026.03.06	00:21:00.425		157.498			4
2026.03.06	00:21:00.724	157.435				2
2026.03.06	00:21:27.815	157.416				2
2026.03.06	00:21:28.415	157.435				2
2026.03.06	00:21:30.222	157.415				2
2026.03.06	00:21:31.120	157.435				2
2026.03.06	00:21:46.782		157.497			4
2026.03.06	00:21:57.015		157.500			4
2026.03.06	00:21:58.815		157.499			4
2026.03.06	00:22:00.025	157.435				2
2026.03.06	00:22:14.182		157.498			4
2026.03.06	00:22:31.021	157.436				2
2026.03.06	00:23:00.203	157.436				2
2026.03.06	00:23:02.902		157.496			4
2026.03.06	00:23:09.218		157.498			4
2026.03.06	00:23:31.176	157.434				2
2026.03.06	00:23:48.618		157.499			4
2026.03.06	00:23:51.928	157.461	157.506			6
2026.03.06	00:23:52.225		157.509			4
2026.03.06	00:23:52.827	157.436				2
2026.03.06	00:23:53.731	157.458				2
2026.03.06	00:23:55.236		157.508			4
2026.03.06	00:23:58.238		157.504			4
2026.03.06	00:23:58.540		157.503			4
2026.03.06	00:24:00.042	157.458				2
2026.03.06	00:24:06.369		157.504			4
2026.03.06	00:24:07.581		157.506			4
2026.03.06	00:24:12.396		157.503			4
2026.03.06	00:24:13.600		157.504			4
2026.03.06	00:24:19.612		157.503			4
2026.03.06	00:24:22.017		157.504			4
2026.03.06	00:24:24.723		157.503			4
2026.03.06	00:24:25.620		157.502			4
2026.03.06	00:24:26.224		157.506			4
2026.03.06	00:24:28.037		157.507			4
2026.03.06	00:24:31.037		157.506			4
2026.03.06	00:24:31.945		157.511			4
2026.03.06	00:24:32.243		157.508			4
2026.03.06	00:24:43.696		157.511			4
2026.03.06	00:24:46.101		157.512			4
2026.03.06	00:24:48.212		157.511			4
2026.03.06	00:24:48.815		157.520			4
2026.03.06	00:24:54.824		157.519			4
2026.03.06	00:24:59.937		157.515			4
2026.03.06	00:25:00.241	157.458				2
2026.03.06	00:25:13.502		157.519			4
2026.03.06	00:25:21.321		157.513			4
2026.03.06	00:25:27.634		157.515			4
2026.03.06	00:25:28.836		157.513			4
2026.03.06	00:25:30.346		157.515			4
2026.03.06	00:25:32.155		157.514			4
2026.03.06	00:25:40.592	157.460	157.508			6
2026.03.06	00:25:40.889		157.509			4
2026.03.06	00:25:41.495	157.462				2
2026.03.06	00:25:41.793		157.512			4
2026.03.06	00:25:44.496	157.515	157.550			6
2026.03.06	00:25:44.798	157.531	157.561			6
2026.03.06	00:25:45.098		157.560			4
2026.03.06	00:25:45.700		157.561			4
2026.03.06	00:25:50.218	157.532				2
2026.03.06	00:25:55.027	157.481	157.541			6
2026.03.06	00:25:55.325		157.531			4
2026.03.06	00:25:57.129	157.487				2
2026.03.06	00:26:00.148	157.487				2
2026.03.06	00:26:15.497	157.494	157.523			6
2026.03.06	00:26:26.021		157.524			4
2026.03.06	00:26:26.619		157.528			4
2026.03.06	00:26:27.520	157.476				2
2026.03.06	00:26:37.140		157.527			4
2026.03.06	00:26:44.972		157.528			4
2026.03.06	00:26:47.079		157.527			4
2026.03.06	00:27:00.019	157.476				2
2026.03.06	00:27:17.471	157.498				2
2026.03.06	00:27:47.222		157.527			4
2026.03.06	00:27:48.128	157.476				2
2026.03.06	00:27:59.862	157.498				2
2026.03.06	00:28:00.165	157.498				2
2026.03.06	00:28:31.123	157.476				2
2026.03.06	00:28:47.389		157.527			4
2026.03.06	00:28:55.507		157.529			4
2026.03.06	00:28:57.914		157.536			4
2026.03.06	00:29:00.025	157.476				2
2026.03.06	00:29:01.221	157.477	157.534			6
2026.03.06	00:29:07.846		157.535			4
2026.03.06	00:29:09.055		157.537			4
2026.03.06	00:29:15.391	157.478				2
2026.03.06	00:29:21.404		157.536			4
2026.03.06	00:29:25.915	157.506				2
2026.03.06	00:29:28.621	157.510	157.537			6
2026.03.06	00:29:56.938	157.481				2
2026.03.06	00:30:00.246	157.481				2
2026.03.06	00:30:00.550	157.493	157.542			6
2026.03.06	00:30:00.852	157.495	157.545			6
2026.03.06	00:30:01.756	157.498	157.546			6
2026.03.06	00:30:02.953		157.545			4
2026.03.06	00:30:03.555	157.496				2
2026.03.06	00:30:04.757	157.509	157.564			6
2026.03.06	00:30:05.063		157.567			4
2026.03.06	00:30:06.871		157.566			4
2026.03.06	00:30:09.583		157.565			4
2026.03.06	00:30:10.789		157.566			4
2026.03.06	00:30:11.391	157.501	157.561			6
2026.03.06	00:30:11.687		157.556			4
2026.03.06	00:30:14.404		157.557			4
2026.03.06	00:30:16.204		157.555			4
2026.03.06	00:30:21.315		157.554			4
2026.03.06	00:30:23.416		157.555			4
2026.03.06	00:30:25.218		157.554			4
2026.03.06	00:30:26.718		157.555			4
2026.03.06	00:30:35.130		157.554			4
2026.03.06	00:30:45.050		157.555			4
2026.03.06	00:30:47.758		157.554			4
2026.03.06	00:30:48.360	157.511				2
2026.03.06	00:30:50.462		157.555			4
2026.03.06	00:30:54.372		157.556			4
2026.03.06	00:30:55.882		157.555			4
2026.03.06	00:31:00.096	157.511	157.556			6
2026.03.06	00:31:02.199		157.554			4
2026.03.06	00:31:03.102	157.503	157.553			6
2026.03.06	00:31:03.402		157.554			4
2026.03.06	00:31:11.518		157.553			4
2026.03.06	00:31:13.623		157.554			4
2026.03.06	00:31:19.634	157.499				2
2026.03.06	00:31:21.441	157.501				2
2026.03.06	00:31:30.778		157.553			4
2026.03.06	00:31:34.691		157.554			4
2026.03.06	00:31:37.399	157.506				2
2026.03.06	00:31:38.903		157.556			4
2026.03.06	00:31:43.715		157.555			4
2026.03.06	00:31:48.813		157.556			4
2026.03.06	00:31:53.324		157.555			4
2026.03.06	00:31:54.522		157.556			4
2026.03.06	00:32:00.234	157.506				2
2026.03.06	00:32:08.354	157.502				2
2026.03.06	00:32:11.370	157.500				2
2026.03.06	00:32:20.397	157.501				2
2026.03.06	00:32:42.967	157.488	157.543			6
2026.03.06	00:32:43.269	157.484				2
2026.03.06	00:32:45.373	157.486	157.540			6
2026.03.06	00:32:48.691	157.484				2
2026.03.06	00:32:52.604	157.495				2
2026.03.06	00:32:53.507		157.539			4
2026.03.06	00:32:55.014		157.540			4
2026.03.06	00:33:00.115	157.495				2
2026.03.06	00:33:20.296		157.539			4
2026.03.06	00:33:23.310	157.484				2
2026.03.06	00:33:42.278	157.492	157.544			6
2026.03.06	00:33:47.995	157.501				2
2026.03.06	00:34:00.024	157.501				2
2026.03.06	00:34:06.342		157.542			4
2026.03.06	00:34:18.983	157.494				2
2026.03.06	00:34:34.018	157.503				2
2026.03.06	00:34:34.318	157.494				2
2026.03.06	00:34:34.619	157.503				2
2026.03.06	00:34:35.220	157.494				2
2026.03.06	00:34:35.521	157.503				2
2026.03.06	00:34:35.821	157.494				2
2026.03.06	00:34:36.124	157.503				2
2026.03.06	00:34:36.424	157.494				2
2026.03.06	00:34:36.724	157.503				2
2026.03.06	00:34:37.028	157.494				2
2026.03.06	00:34:37.327	157.503				2
2026.03.06	00:34:37.629	157.494				2
2026.03.06	00:35:00.214	157.494				2
2026.03.06	00:35:00.815	157.493				2
2026.03.06	00:35:06.528		157.542			4
2026.03.06	00:35:08.031	157.494				2
2026.03.06	00:35:13.750	157.491	157.545			6
2026.03.06	00:35:17.367	157.501				2
2026.03.06	00:35:17.669	157.495	157.547			6
2026.03.06	00:35:42.943		157.548			4
2026.03.06	00:35:43.244	157.496				2
2026.03.06	00:35:58.601	157.497	157.547			6
2026.03.06	00:36:00.110	157.497				2
2026.03.06	00:36:18.738	157.498	157.546			6
2026.03.06	00:36:30.779	157.497	157.547			6
2026.03.06	00:36:37.703	157.495	157.542			6
2026.03.06	00:36:38.003		157.543			4
2026.03.06	00:36:38.297		157.547			4
2026.03.06	00:36:38.899		157.543			4
2026.03.06	00:36:39.198		157.548			4
2026.03.06	00:36:40.403		157.551			4
2026.03.06	00:36:42.206		157.549			4
2026.03.06	00:36:42.506		157.548			4
2026.03.06	00:36:42.808		157.546			4
2026.03.06	00:36:45.212		157.547			4
2026.03.06	00:36:46.714	157.481				2
2026.03.06	00:36:50.919		157.546			4
2026.03.06	00:36:54.228	157.482				2
2026.03.06	00:37:00.268	157.482				2
2026.03.06	00:37:00.567		157.547			4
2026.03.06	00:37:07.192		157.545			4
2026.03.06	00:37:09.294	157.483				2
2026.03.06	00:37:17.715		157.546			4
2026.03.06	00:37:26.436	157.496				2
2026.03.06	00:37:57.421	157.484				2
2026.03.06	00:38:00.121	157.484				2
2026.03.06	00:38:03.132	157.485				2
2026.03.06	00:38:17.901		157.546			4
2026.03.06	00:38:22.114		157.545			4
2026.03.06	00:38:35.336	157.486				2
2026.03.06	00:38:35.936		157.547			4
2026.03.06	00:38:46.477	157.508				2
2026.03.06	00:39:00.015	157.508				2
2026.03.06	00:39:08.744		157.546			4
2026.03.06	00:39:09.051		157.547			4
2026.03.06	00:39:17.493	157.487				2
2026.03.06	00:39:26.511	157.488				2
2026.03.06	00:39:48.774		157.546			4
2026.03.06	00:39:53.288	157.505	157.539			6
2026.03.06	00:39:57.802	157.504	157.540			6
2026.03.06	00:39:59.311	157.502	157.542			6
2026.03.06	00:40:00.217	157.502				2
2026.03.06	00:40:01.416	157.503	157.541			6
2026.03.06	00:40:07.724	157.507				2
2026.03.06	00:40:16.738		157.543			4
2026.03.06	00:40:20.670	157.497	157.534			6
2026.03.06	00:40:21.572		157.533			4
2026.03.06	00:40:22.472		157.534			4
2026.03.06	00:40:23.377		157.532			4
2026.03.06	00:40:26.992	157.543	157.571			6
2026.03.06	00:40:38.713	157.536				2
2026.03.06	00:40:40.221	157.533	157.562			6
2026.03.06	00:40:40.519	157.502	157.542			6
2026.03.06	00:40:40.822		157.543			4
2026.03.06	00:40:41.122	157.497				2
2026.03.06	00:40:41.422		157.537			4
2026.03.06	00:40:43.520		157.539			4
2026.03.06	00:40:46.529	157.496				2
2026.03.06	00:40:46.831	157.505	157.541			6
2026.03.06	00:40:47.130	157.501	157.545			6
2026.03.06	00:40:47.430	157.504	157.542			6
2026.03.06	00:40:47.730	157.507				2
2026.03.06	00:40:50.134	157.506	157.543			6
2026.03.06	00:40:56.454		157.542			4
2026.03.06	00:41:00.076	157.506				2
2026.03.06	00:41:00.674	157.505	157.541			6
2026.03.06	00:41:02.786	157.503	157.544			6
2026.03.06	00:41:10.010	157.504	157.543			6
2026.03.06	00:41:12.411		157.542			4
2026.03.06	00:41:17.514	157.515	157.558			6
2026.03.06	00:41:17.813	157.516				2
2026.03.06	00:41:19.018	157.517				2
2026.03.06	00:41:27.728	157.518	157.559			6
2026.03.06	00:41:30.737	157.533	157.569			6
2026.03.06	00:41:31.337	157.534				2
2026.03.06	00:41:47.601	157.535				2
2026.03.06	00:41:50.903	157.534				2
2026.03.06	00:42:00.223	157.534				2
2026.03.06	00:42:30.614		157.571			4
2026.03.06	00:42:43.848		157.570			4
2026.03.06	00:42:47.785	157.533				2
2026.03.06	00:43:00.117	157.533				2
2026.03.06	00:43:06.735	157.532				2
2026.03.06	00:43:30.206	157.531				2
2026.03.06	00:43:44.025		157.570			4
2026.03.06	00:43:57.857	157.532				2
2026.03.06	00:44:00.274	157.532				2
2026.03.06	00:44:08.700	157.531				2
2026.03.06	00:44:21.622		157.568			4
2026.03.06	00:44:28.843		157.569			4
2026.03.06	00:44:42.394	157.532				2
2026.03.06	00:45:00.135	157.532				2
2026.03.06	00:45:03.150	157.509	157.575			6
2026.03.06	00:45:05.562	157.532	157.598			6
2026.03.06	00:45:05.867	157.535	157.601			6
2026.03.06	00:45:06.166	157.536	157.602			6
2026.03.06	00:45:06.467	157.535	157.601			6
2026.03.06	00:45:06.770	157.559				2
2026.03.06	00:45:07.071	157.560				2
2026.03.06	00:45:07.373	157.564	157.606			6
2026.03.06	00:45:08.577	157.560	157.604			6
2026.03.06	00:45:10.380		157.602			4
2026.03.06	00:45:10.682	157.564	157.606			6
2026.03.06	00:45:10.983		157.605			4
2026.03.06	00:45:16.435	157.561	157.604			6
2026.03.06	00:45:18.831		157.606			4
2026.03.06	00:45:24.564		157.605			4
2026.03.06	00:45:25.773		157.606			4
2026.03.06	00:45:26.674		157.607			4
2026.03.06	00:45:26.974	157.565	157.608			6
2026.03.06	00:45:27.280		157.609			4
2026.03.06	00:45:29.685		157.608			4
2026.03.06	00:45:30.286	157.566				2
2026.03.06	00:45:30.586		157.609			4
2026.03.06	00:45:31.187	157.565				2
2026.03.06	00:45:33.599	157.567	157.610			6
2026.03.06	00:45:36.905	157.566				2
2026.03.06	00:45:39.009		157.611			4
2026.03.06	00:46:00.069	157.566				2
2026.03.06	00:46:07.894		157.610			4
2026.03.06	00:46:08.801		157.608			4
2026.03.06	00:46:14.814	157.569	157.612			6
2026.03.06	00:46:15.419		157.613			4
2026.03.06	00:46:16.621		157.612			4
2026.03.06	00:46:16.921		157.613			4
2026.03.06	00:46:19.626	157.570				2
2026.03.06	00:46:20.226		157.612			4
2026.03.06	00:46:20.527		157.613			4
2026.03.06	00:46:20.829		157.614			4
2026.03.06	00:46:21.129		157.613			4
2026.03.06	00:46:21.730	157.572				2
2026.03.06	00:46:22.031		157.615			4
2026.03.06	00:46:22.632		157.613			4
2026.03.06	00:46:22.934	157.571	157.612			6
2026.03.06	00:46:23.833		157.614			4
2026.03.06	00:46:24.434	157.572	157.615			6
2026.03.06	00:46:24.735	157.569				2
2026.03.06	00:46:26.837		157.616			4
2026.03.06	00:46:27.739		157.617			4
2026.03.06	00:46:28.340		157.616			4
2026.03.06	00:46:29.545	157.571				2
2026.03.06	00:46:30.749	157.562	157.608			6
2026.03.06	00:46:31.958	157.564	157.611			6
2026.03.06	00:46:32.560	157.565	157.610			6
2026.03.06	00:46:32.864	157.564	157.611			6
2026.03.06	00:46:33.164	157.568				2
2026.03.06	00:46:33.462		157.612			4
2026.03.06	00:46:34.067		157.611			4
2026.03.06	00:46:34.668		157.612			4
2026.03.06	00:46:34.968		157.611			4
2026.03.06	00:46:35.869	157.567				2
2026.03.06	00:46:36.771		157.612			4
2026.03.06	00:46:39.785		157.611			4
2026.03.06	00:46:40.089		157.612			4
2026.03.06	00:46:40.690		157.611			4
2026.03.06	00:46:41.593		157.612			4
2026.03.06	00:46:44.904	157.559	157.610			6
2026.03.06	00:46:45.505	157.560	157.608			6
2026.03.06	00:46:45.808		157.607			4
2026.03.06	00:46:46.108		157.608			4
2026.03.06	00:46:46.407	157.558				2
2026.03.06	00:46:47.009		157.607			4
2026.03.06	00:46:47.312		157.608			4
2026.03.06	00:46:47.609		157.606			4
2026.03.06	00:46:47.912		157.608			4
2026.03.06	00:46:48.512		157.609			4
2026.03.06	00:46:48.812	157.560	157.607			6
2026.03.06	00:46:49.713	157.564	157.609			6
2026.03.06	00:46:50.011		157.611			4
2026.03.06	00:46:50.610		157.610			4
2026.03.06	00:46:50.911		157.611			4
2026.03.06	00:46:55.120	157.565				2
2026.03.06	00:46:55.725		157.612			4
2026.03.06	00:47:00.229	157.565				2
2026.03.06	00:47:00.833		157.611			4
2026.03.06	00:47:02.634		157.612			4
2026.03.06	00:47:03.239	157.545	157.611			6
2026.03.06	00:47:05.959	157.558	157.624			6
2026.03.06	00:47:06.259	157.553	157.619			6
2026.03.06	00:47:06.563	157.552	157.618			6
2026.03.06	00:47:06.861	157.567				2
2026.03.06	00:47:07.164	157.568				2
2026.03.06	00:47:07.764		157.617			4
2026.03.06	00:47:09.873	157.571	157.618			6
2026.03.06	00:47:10.474		157.617			4
2026.03.06	00:47:12.881		157.618			4
2026.03.06	00:47:13.181	157.572				2
2026.03.06	00:47:16.795	157.571				2
2026.03.06	00:47:20.402		157.617			4
2026.03.06	00:47:27.022		157.618			4
2026.03.06	00:47:28.830		157.617			4
2026.03.06	00:47:29.430	157.576	157.627			6
2026.03.06	00:47:30.033		157.625			4
2026.03.06	00:47:30.333	157.577				2
2026.03.06	00:47:33.040	157.581	157.629			6
2026.03.06	00:47:33.338		157.628			4
2026.03.06	00:47:33.639	157.582	157.627			6
2026.03.06	00:47:33.940	157.580				2
2026.03.06	00:47:34.239	157.582	157.626			6
2026.03.06	00:47:34.541		157.625			4
2026.03.06	00:47:34.842		157.626			4
2026.03.06	00:47:36.344	157.581	157.625			6
2026.03.06	00:47:36.645		157.624			4
2026.03.06	00:47:37.553	157.582	157.626			6
2026.03.06	00:47:38.753	157.578	157.624			6
2026.03.06	00:47:39.056	157.576				2
2026.03.06	00:47:41.469		157.625			4
2026.03.06	00:47:42.672	157.580	157.626			6
2026.03.06	00:47:42.975		157.625			4
2026.03.06	00:47:43.574	157.582	157.626			6
2026.03.06	00:47:44.180		157.627			4
2026.03.06	00:47:50.197	157.581				2
2026.03.06	00:47:52.606		157.628			4
2026.03.06	00:47:53.809		157.627			4
2026.03.06	00:47:55.013		157.626			4
2026.03.06	00:47:55.914		157.627			4
2026.03.06	00:47:56.216		157.626			4
2026.03.06	00:47:56.814		157.627			4
2026.03.06	00:47:57.719	157.580				2
2026.03.06	00:48:00.119	157.580	157.628			6
2026.03.06	00:48:01.322		157.627			4
2026.03.06	00:48:03.425		157.628			4
2026.03.06	00:48:03.728		157.627			4
2026.03.06	00:48:07.940	157.560	157.603			6
2026.03.06	00:48:08.240		157.605			4
2026.03.06	00:48:16.029	157.573	157.621			6
2026.03.06	00:48:18.435		157.622			4
2026.03.06	00:48:19.637	157.574				2
2026.03.06	00:48:19.937		157.623			4
2026.03.06	00:48:20.540		157.622			4
2026.03.06	00:48:22.347	157.573				2
2026.03.06	00:48:26.559	157.574	157.624			6
2026.03.06	00:48:30.776	157.573	157.623			6
2026.03.06	00:48:31.077		157.622			4
2026.03.06	00:48:32.280		157.623			4
2026.03.06	00:48:32.583	157.571				2
2026.03.06	00:48:33.786		157.622			4
2026.03.06	00:48:36.494		157.621			4
2026.03.06	00:48:37.701		157.622			4
2026.03.06	00:48:41.309		157.621			4
2026.03.06	00:48:44.313		157.622			4
2026.03.06	00:48:46.417		157.621			4
2026.03.06	00:48:47.017	157.570				2
2026.03.06	00:48:53.632		157.620			4
2026.03.06	00:48:54.233		157.621			4
2026.03.06	00:48:58.746		157.619			4
2026.03.06	00:48:59.047		157.620			4
2026.03.06	00:49:00.250	157.570				2
2026.03.06	00:49:00.851	157.568	157.619			6
2026.03.06	00:49:01.151		157.621			4
2026.03.06	00:49:02.353		157.623			4
2026.03.06	00:49:02.656	157.567	157.622			6
2026.03.06	00:49:04.160		157.621			4
2026.03.06	00:49:04.763	157.566	157.618			6
2026.03.06	00:49:07.472		157.619			4
2026.03.06	00:49:07.772	157.570				2
2026.03.06	00:49:08.073		157.618			4
2026.03.06	00:49:08.978	157.568	157.619			6
2026.03.06	00:49:10.479		157.618			4
2026.03.06	00:49:10.783		157.619			4
2026.03.06	00:49:11.084	157.567	157.618			6
2026.03.06	00:49:11.685		157.619			4
2026.03.06	00:49:16.797		157.618			4
2026.03.06	00:49:20.704		157.620			4
2026.03.06	00:49:24.309	157.568	157.622			6
2026.03.06	00:49:24.910	157.572	157.623			6
2026.03.06	00:49:25.511	157.571				2
2026.03.06	00:49:26.410	157.574	157.621			6
2026.03.06	00:49:27.311	157.568	157.618			6
2026.03.06	00:49:30.919		157.619			4
2026.03.06	00:49:31.219	157.570	157.622			6
2026.03.06	00:49:32.420	157.571	157.621			6
2026.03.06	00:49:32.720	157.572				2
2026.03.06	00:49:33.021	157.573				2
2026.03.06	00:49:33.321		157.620			4
2026.03.06	00:49:33.923	157.565	157.616			6
2026.03.06	00:49:34.226	157.572	157.620			6
2026.03.06	00:49:38.137	157.570	157.622			6
2026.03.06	00:49:42.994		157.623			4
2026.03.06	00:49:44.496	157.571	157.622			6
2026.03.06	00:49:44.799	157.572	157.620			6
2026.03.06	00:49:45.401		157.618			4
2026.03.06	00:49:45.702		157.620			4
2026.03.06	00:49:46.301	157.573				2
2026.03.06	00:49:46.602	157.574	157.623			6
2026.03.06	00:49:47.807	157.566	157.618			6
2026.03.06	00:49:48.111	157.568	157.621			6
2026.03.06	00:49:49.614	157.570				2
2026.03.06	00:49:50.813		157.620			4
2026.03.06	00:49:51.714	157.573	157.621			6
2026.03.06	00:49:52.014	157.572	157.622			6
2026.03.06	00:49:52.918	157.575	157.623			6
2026.03.06	00:49:54.719	157.572	157.622			6
2026.03.06	00:49:55.019	157.570	157.620			6
2026.03.06	00:49:55.620	157.571	157.621			6
2026.03.06	00:49:57.129	157.570	157.620			6
2026.03.06	00:49:58.633	157.572	157.621			6
2026.03.06	00:49:59.234	157.573	157.623			6
2026.03.06	00:49:59.534	157.575				2
2026.03.06	00:49:59.837	157.574	157.622			6
2026.03.06	00:50:00.137	157.574				2
2026.03.06	00:50:00.437		157.621			4
2026.03.06	00:50:01.338	157.573				2
2026.03.06	00:50:01.639	157.564	157.619			6
2026.03.06	00:50:01.938	157.567	157.618			6
2026.03.06	00:50:05.555		157.620			4
2026.03.06	00:50:08.277		157.615			4
2026.03.06	00:50:08.580	157.566	157.619			6
2026.03.06	00:50:08.879	157.569	157.615			6
2026.03.06	00:50:09.186		157.622			4
2026.03.06	00:50:09.787		157.615			4
2026.03.06	00:50:10.090		157.619			4
2026.03.06	00:50:10.390		157.615			4
2026.03.06	00:50:10.691		157.619			4
2026.03.06	00:50:10.989	157.564	157.615			6
2026.03.06	00:50:11.292		157.620			4
2026.03.06	00:50:11.593		157.615			4
2026.03.06	00:50:11.895	157.565	157.620			6
2026.03.06	00:50:18.514	157.567	157.621			6
2026.03.06	00:50:23.621		157.620			4
2026.03.06	00:50:31.456	157.568				2
2026.03.06	00:50:41.089	157.567	157.617			6
2026.03.06	00:50:48.612	157.563				2
2026.03.06	00:50:49.813	157.568	157.618			6
2026.03.06	00:50:50.113	157.567				2
2026.03.06	00:50:51.017	157.568	157.619			6
2026.03.06	00:50:51.918		157.618			4
2026.03.06	00:50:52.219		157.619			4
2026.03.06	00:50:52.520		157.618			4
2026.03.06	00:50:52.820		157.619			4
2026.03.06	00:50:54.929	157.563	157.616			6
2026.03.06	00:50:55.230	157.568	157.618			6
2026.03.06	00:50:57.034		157.617			4
2026.03.06	00:51:00.056	157.568				2
2026.03.06	00:51:00.359	157.564				2
2026.03.06	00:51:01.564	157.568				2
2026.03.06	00:51:02.466	157.565				2
2026.03.06	00:51:02.766		157.616			4
2026.03.06	00:51:03.370	157.568	157.618			6
2026.03.06	00:51:03.972		157.617			4
2026.03.06	00:51:04.274	157.567				2
2026.03.06	00:51:04.575		157.619			4
2026.03.06	00:51:04.875	157.568	157.618			6
2026.03.06	00:51:05.181	157.569	157.619			6
2026.03.06	00:51:07.285	157.563	157.618			6
2026.03.06	00:51:07.586		157.617			4
2026.03.06	00:51:07.887		157.616			4
2026.03.06	00:51:08.491	157.567	157.617			6
2026.03.06	00:51:08.793		157.618			4
2026.03.06	00:51:09.694	157.568				2
2026.03.06	00:51:09.993	157.569	157.617			6
2026.03.06	00:51:10.595		157.618			4
2026.03.06	00:51:11.796	157.563				2
2026.03.06	00:51:12.099		157.617			4
2026.03.06	00:51:12.402		157.616			4
2026.03.06	00:51:13.004	157.568	157.618			6
2026.03.06	00:51:13.306		157.619			4
2026.03.06	00:51:13.909		157.618			4
2026.03.06	00:51:15.411	157.567	157.617			6
2026.03.06	00:51:17.513	157.568	157.618			6
2026.03.06	00:51:19.021		157.617			4
2026.03.06	00:51:20.523		157.619			4
2026.03.06	00:51:21.726	157.563	157.616			6
2026.03.06	00:51:22.927		157.617			4
2026.03.06	00:51:23.528	157.569	157.619			6
2026.03.06	00:51:23.829		157.618			4
2026.03.06	00:51:26.533		157.619			4
2026.03.06	00:51:26.833		157.618			4
2026.03.06	00:51:27.433		157.619			4
2026.03.06	00:51:29.552	157.565	157.616			6
2026.03.06	00:51:29.851	157.568	157.617			6
2026.03.06	00:51:31.359		157.618			4
2026.03.06	00:51:38.589	157.563	157.617			6
2026.03.06	00:51:39.491	157.566				2
2026.03.06	00:51:39.791		157.616			4
2026.03.06	00:51:41.299	157.567	157.617			6
2026.03.06	00:51:41.901	157.563	157.616			6
2026.03.06	00:51:42.805		157.617			4
2026.03.06	00:51:43.404	157.569	157.619			6
2026.03.06	00:51:44.006		157.618			4
2026.03.06	00:51:44.607		157.617			4
2026.03.06	00:51:45.509		157.618			4
2026.03.06	00:51:46.709	157.563	157.616			6
2026.03.06	00:51:47.910	157.568	157.618			6
2026.03.06	00:51:48.210		157.616			4
2026.03.06	00:51:49.111		157.617			4
2026.03.06	00:51:50.615		157.618			4
2026.03.06	00:51:51.516	157.567	157.619			6
2026.03.06	00:51:51.816	157.569				2
2026.03.06	00:51:53.018		157.617			4
2026.03.06	00:51:55.430	157.565	157.616			6
2026.03.06	00:51:55.730		157.615			4
2026.03.06	00:51:57.836	157.566	157.617			6
2026.03.06	00:51:58.445	157.568	157.616			6
2026.03.06	00:51:59.055	157.563	157.615			6
2026.03.06	00:52:00.257	157.563				2
2026.03.06	00:52:00.557	157.567	157.616			6
2026.03.06	00:52:00.858		157.617			4
2026.03.06	00:52:01.159	157.568	157.616			6
2026.03.06	00:52:01.759		157.617			4
2026.03.06	00:52:04.780		157.618			4
2026.03.06	00:52:07.794		157.617			4
2026.03.06	00:52:08.097		157.618			4
2026.03.06	00:52:08.701		157.617			4
2026.03.06	00:52:09.903	157.563	157.618			6
2026.03.06	00:52:10.205	157.568				2
2026.03.06	00:52:10.505		157.616			4
2026.03.06	00:52:12.009		157.617			4
2026.03.06	00:52:13.810	157.565	157.616			6
2026.03.06	00:52:15.011	157.568				2
2026.03.06	00:52:15.311		157.617			4
2026.03.06	00:52:21.320		157.618			4
2026.03.06	00:52:34.258		157.617			4
2026.03.06	00:52:37.278		157.618			4
2026.03.06	00:52:39.088	157.570				2
2026.03.06	00:52:41.494	157.569	157.620			6
2026.03.06	00:52:41.795	157.571	157.618			6
2026.03.06	00:52:42.696		157.619			4
2026.03.06	00:52:42.996	157.569	157.620			6
2026.03.06	00:52:43.296		157.619			4
2026.03.06	00:52:45.702		157.620			4
2026.03.06	00:52:48.408	157.568	157.619			6
2026.03.06	00:52:53.814	157.569				2
2026.03.06	00:52:56.217	157.570				2
2026.03.06	00:52:56.517		157.620			4
2026.03.06	00:52:56.817	157.571	157.619			6
2026.03.06	00:52:57.418	157.570	157.620			6
2026.03.06	00:53:00.123	157.569				2
2026.03.06	00:53:01.927	157.568	157.621			6
2026.03.06	00:53:02.830		157.617			4
2026.03.06	00:53:03.433	157.570	157.619			6
2026.03.06	00:53:03.733	157.568				2
2026.03.06	00:53:04.034		157.618			4
2026.03.06	00:53:04.334	157.570				2
2026.03.06	00:53:06.436	157.568	157.619			6
2026.03.06	00:53:11.869	157.567				2
2026.03.06	00:53:12.171		157.617			4
2026.03.06	00:53:16.678		157.618			4
2026.03.06	00:53:19.694		157.617			4
2026.03.06	00:53:19.995		157.618			4
2026.03.06	00:53:22.101	157.569	157.619			6
2026.03.06	00:53:23.304	157.554	157.598			6
2026.03.06	00:53:23.906		157.602			4
2026.03.06	00:53:38.404	157.551	157.598			6
2026.03.06	00:53:40.474	157.552				2
2026.03.06	00:53:50.174		157.597			4
2026.03.06	00:54:00.173	157.552				2
2026.03.06	00:54:23.448		157.598			4
2026.03.06	00:54:32.715	157.553				2
2026.03.06	00:54:40.174		157.597			4
2026.03.06	00:54:54.439		157.599			4
2026.03.06	00:54:58.829	157.552				2
2026.03.06	00:55:00.062	157.552				2
2026.03.06	00:55:03.643		157.597			4
2026.03.06	00:55:08.115	157.553				2
2026.03.06	00:55:14.440		157.598			4
2026.03.06	00:55:18.944	157.501	157.576			6
2026.03.06	00:55:19.247	157.504	157.573			6
2026.03.06	00:55:19.546	157.491	157.577			6
2026.03.06	00:55:19.847	157.494	157.573			6
2026.03.06	00:55:20.153	157.499	157.574			6
2026.03.06	00:55:20.460	157.501	157.573			6
2026.03.06	00:55:20.761	157.500	157.572			6
2026.03.06	00:55:21.366	157.501	157.573			6
2026.03.06	00:55:21.666	157.500	157.572			6
2026.03.06	00:55:22.570		157.571			4
2026.03.06	00:55:23.171		157.570			4
2026.03.06	00:55:23.776		157.569			4
2026.03.06	00:55:25.580	157.496	157.576			6
2026.03.06	00:55:25.881	157.494				2
2026.03.06	00:55:29.494	157.495				2
2026.03.06	00:55:30.698	157.494				2
2026.03.06	00:55:31.299	157.495				2
2026.03.06	00:55:31.601	157.493				2
2026.03.06	00:55:31.901	157.495	157.575			6
2026.03.06	00:55:32.808	157.494				2
2026.03.06	00:55:34.610	157.495				2
2026.03.06	00:55:37.011	157.494				2
2026.03.06	00:55:37.611	157.495				2
2026.03.06	00:55:38.213	157.493				2
2026.03.06	00:55:38.513	157.494	157.574			6
2026.03.06	00:55:39.717	157.493	157.575			6
2026.03.06	00:55:40.617	157.494				2
2026.03.06	00:55:41.818	157.495				2
2026.03.06	00:55:42.418	157.506	157.577			6
2026.03.06	00:55:43.871	157.505				2
2026.03.06	00:55:44.477		157.581			4
2026.03.06	00:55:44.777	157.503				2
2026.03.06	00:55:49.601		157.580			4
2026.03.06	00:55:51.106	157.504	157.578			6
2026.03.06	00:55:51.407		157.579			4
2026.03.06	00:55:52.009	157.505				2
2026.03.06	00:55:54.410	157.504	157.578			6
2026.03.06	00:55:57.114	157.505				2
2026.03.06	00:55:57.416	157.510	157.570			6
2026.03.06	00:56:00.162	157.510				2
2026.03.06	00:56:00.470		157.569			4
2026.03.06	00:56:05.302		157.566			4
2026.03.06	00:56:08.077		157.578			4
2026.03.06	00:56:08.378		157.576			4
2026.03.06	00:56:12.695		157.573			4
2026.03.06	00:56:12.996		157.566			4
2026.03.06	00:56:13.296	157.496	157.563			6
2026.03.06	00:56:13.597	157.500	157.557			6
2026.03.06	00:56:13.897	157.506	157.551			6
2026.03.06	00:56:14.200	157.491	157.567			6
2026.03.06	00:56:14.501	157.489	157.562			6
2026.03.06	00:56:15.405	157.499	157.552			6
2026.03.06	00:56:17.868	157.501	157.550			6
2026.03.06	00:56:18.174	157.499	157.552			6
2026.03.06	00:56:18.793		157.553			4
2026.03.06	00:56:19.120	157.501				2
2026.03.06	00:56:19.423	157.499				2
2026.03.06	00:56:20.211		157.549			4
2026.03.06	00:56:21.097	157.500	157.548			6
2026.03.06	00:56:21.398	157.488	157.560			6
2026.03.06	00:56:21.698		157.561			4
2026.03.06	00:56:21.999		157.557			4
2026.03.06	00:56:22.299	157.495	157.550			6
2026.03.06	00:56:22.975		157.551			4
2026.03.06	00:56:24.783	157.499				2
2026.03.06	00:56:29.370	157.495				2
2026.03.06	00:56:30.273	157.494				2
2026.03.06	00:56:31.793	157.497				2
2026.03.06	00:56:33.896	157.494	157.561			6
2026.03.06	00:56:34.197	157.496	157.551			6
2026.03.06	00:56:37.488	157.497	157.550			6
2026.03.06	00:56:37.788	157.498	157.549			6
2026.03.06	00:56:38.322	157.497	157.550			6
2026.03.06	00:56:38.623	157.498	157.549			6
2026.03.06	00:56:39.534	157.500	157.551			6
2026.03.06	00:56:41.016	157.499	157.552			6
2026.03.06	00:56:43.685	157.491	157.551			6
2026.03.06	00:56:44.589	157.490				2
2026.03.06	00:56:44.891	157.494	157.548			6
2026.03.06	00:56:52.786		157.546			4
2026.03.06	00:56:54.749		157.550			4
2026.03.06	00:56:56.012		157.551			4
2026.03.06	00:56:56.716	157.493				2
2026.03.06	00:56:59.367	157.491				2
2026.03.06	00:56:59.969		157.552			4
2026.03.06	00:57:00.269	157.491				2
2026.03.06	00:57:00.870		157.551			4
2026.03.06	00:57:02.116		157.552			4
2026.03.06	00:57:03.316	157.492				2
2026.03.06	00:57:06.621	157.490				2
2026.03.06	00:57:07.425	157.491	157.553			6
2026.03.06	00:57:08.930	157.495	157.550			6
2026.03.06	00:57:09.230	157.489	157.553			6
2026.03.06	00:57:09.530	157.493				2
2026.03.06	00:57:09.832	157.492	157.554			6
2026.03.06	00:57:28.960	157.493	157.553			6
2026.03.06	00:57:29.263	157.494	157.548			6
2026.03.06	00:57:30.916	157.493				2
2026.03.06	00:57:37.817		157.549			4
2026.03.06	00:57:39.593		157.553			4
2026.03.06	00:57:39.893		157.554			4
2026.03.06	00:57:42.016	157.492				2
2026.03.06	00:57:42.813	157.490				2
2026.03.06	00:57:43.414		157.555			4
2026.03.06	00:57:44.317	157.488				2
2026.03.06	00:57:50.928	157.493	157.549			6
2026.03.06	00:57:51.228	157.495	157.550			6
2026.03.06	00:57:54.397	157.496	157.553			6
2026.03.06	00:57:59.368	157.489	157.558			6
2026.03.06	00:57:59.671	157.494	157.551			6
2026.03.06	00:57:59.973	157.490				2
2026.03.06	00:58:00.616	157.491				2
2026.03.06	00:58:04.117	157.493	157.549			6
2026.03.06	00:58:04.717	157.491	157.551			6
2026.03.06	00:58:05.017	157.492	157.549			6
2026.03.06	00:58:05.317		157.550			4
2026.03.06	00:58:05.618	157.491	157.551			6
2026.03.06	00:58:06.567	157.492	157.549			6
2026.03.06	00:58:06.868	157.491	157.550			6
2026.03.06	00:58:07.171	157.493	157.548			6
2026.03.06	00:58:07.472	157.491	157.550			6
2026.03.06	00:58:07.775	157.493	157.548			6
2026.03.06	00:58:08.077	157.491	157.550			6
2026.03.06	00:58:08.377	157.493	157.548			6
2026.03.06	00:58:09.279	157.491	157.550			6
2026.03.06	00:58:09.581	157.492	157.553			6
2026.03.06	00:58:09.882	157.495	157.550			6
2026.03.06	00:58:10.183	157.494	157.548			6
2026.03.06	00:58:10.483	157.493	157.549			6
2026.03.06	00:58:11.427	157.489				2
2026.03.06	00:58:11.728	157.493				2
2026.03.06	00:58:12.951	157.489	157.553			6
2026.03.06	00:58:13.254	157.488	157.554			6
2026.03.06	00:58:13.556	157.492	157.550			6
2026.03.06	00:58:14.761	157.490	157.551			6
2026.03.06	00:58:15.061	157.487	157.556			6
2026.03.06	00:58:15.366	157.489				2
2026.03.06	00:58:15.969	157.490				2
2026.03.06	00:58:17.479	157.491	157.551			6
2026.03.06	00:58:17.779	157.492	157.550			6
2026.03.06	00:58:22.714	157.491				2
2026.03.06	00:58:23.014		157.551			4
2026.03.06	00:58:25.418	157.492				2
2026.03.06	00:58:25.718	157.491				2
2026.03.06	00:58:27.468	157.492				2
2026.03.06	00:58:27.768		157.550			4
2026.03.06	00:58:28.069	157.493	157.557			6
2026.03.06	00:58:28.370		157.556			4
2026.03.06	00:58:28.671	157.494	157.555			6
2026.03.06	00:58:28.971	157.493	157.552			6
2026.03.06	00:58:29.270	157.488	157.557			6
2026.03.06	00:58:30.315	157.489	157.556			6
2026.03.06	00:58:30.616	157.493	157.552			6
2026.03.06	00:58:31.816	157.494	157.551			6
2026.03.06	00:58:32.576	157.493				2
2026.03.06	00:58:32.883	157.492	157.550			6
2026.03.06	00:58:33.185	157.490	157.551			6
2026.03.06	00:58:33.488	157.492	157.550			6
2026.03.06	00:58:34.090	157.490	157.551			6
2026.03.06	00:58:34.394	157.492	157.550			6
2026.03.06	00:58:34.694	157.490	157.551			6
2026.03.06	00:58:35.068	157.492	157.550			6
2026.03.06	00:58:35.768	157.490	157.551			6
2026.03.06	00:58:36.068	157.492	157.550			6
2026.03.06	00:58:36.371	157.487	157.557			6
2026.03.06	00:58:36.971	157.488				2
2026.03.06	00:58:37.875	157.492	157.549			6
2026.03.06	00:58:43.305	157.493	157.557			6
2026.03.06	00:58:47.925	157.488	157.554			6
2026.03.06	00:58:48.664	157.489				2
2026.03.06	00:58:48.964	157.487	157.555			6
2026.03.06	00:58:50.731	157.490				2
2026.03.06	00:58:55.413		157.552			4
2026.03.06	00:58:56.361	157.489				2
2026.03.06	00:58:57.591	157.488				2
2026.03.06	00:58:57.893		157.553			4
2026.03.06	00:59:00.139	157.488	157.554			6
2026.03.06	00:59:01.337	157.489				2
2026.03.06	00:59:01.637	157.488				2
2026.03.06	00:59:03.560	157.489				2
2026.03.06	00:59:05.669		157.557			4
2026.03.06	00:59:05.972		157.560			4
2026.03.06	00:59:06.275		157.559			4
2026.03.06	00:59:07.175		157.560			4
2026.03.06	00:59:07.780		157.559			4
2026.03.06	00:59:08.380		157.561			4
2026.03.06	00:59:08.683		157.557			4
2026.03.06	00:59:08.982		157.559			4
2026.03.06	00:59:09.283	157.488	157.557			6
2026.03.06	00:59:10.213	157.489	157.553			6
2026.03.06	00:59:11.604	157.488	157.554			6
2026.03.06	00:59:12.661	157.490	157.552			6
2026.03.06	00:59:12.963	157.488	157.553			6
2026.03.06	00:59:14.945	157.489				2
2026.03.06	00:59:15.248	157.490	157.552			6
2026.03.06	00:59:15.549	157.489				2
2026.03.06	00:59:16.060	157.490				2
2026.03.06	00:59:20.488		157.556			4
2026.03.06	00:59:24.268		157.553			4
2026.03.06	00:59:24.571	157.487	157.552			6
2026.03.06	00:59:25.173	157.490	157.549			6
2026.03.06	00:59:25.478	157.487	157.551			6
2026.03.06	00:59:35.710	157.492				2
2026.03.06	00:59:36.812	157.490	157.553			6
2026.03.06	00:59:38.416	157.491	157.552			6
2026.03.06	00:59:40.391	157.490	157.549			6
2026.03.06	00:59:44.415	157.491	157.548			6
2026.03.06	00:59:50.513	157.492	157.551			6
2026.03.06	00:59:55.496	157.488	157.552			6
2026.03.06	00:59:55.797	157.487				2
2026.03.06	00:59:56.637	157.486	157.558			6
2026.03.06	00:59:56.937	157.487				2
2026.03.06	00:59:57.547		157.552			4
2026.03.06	00:59:57.850	157.486	157.561			6
2026.03.06	00:59:58.966	157.487	157.559			6
2026.03.06	00:59:59.866		157.558			4
2026.03.06	01:00:00.167	157.496	157.559			6
2026.03.06	01:00:00.466	157.486	157.556			6
2026.03.06	01:00:00.766	157.485	157.554			6
2026.03.06	01:00:01.068	157.503	157.540			6
2026.03.06	01:00:01.668		157.538			4
2026.03.06	01:00:01.969		157.539			4
2026.03.06	01:00:02.268		157.553			4
2026.03.06	01:00:02.569		157.549			4
2026.03.06	01:00:02.870		157.568			4
2026.03.06	01:00:03.169		157.545			4
2026.03.06	01:00:03.471	157.489	157.551			6
2026.03.06	01:00:03.771		157.549			4
2026.03.06	01:00:04.673		157.551			4
2026.03.06	01:00:05.274	157.483	157.577			6
2026.03.06	01:00:05.574		157.574			4
2026.03.06	01:00:06.174	157.484	157.566			6
2026.03.06	01:00:06.475	157.483	157.574			6
2026.03.06	01:00:07.082	157.502				2
2026.03.06	01:00:07.382	157.503	157.577			6
2026.03.06	01:00:07.683		157.572			4
2026.03.06	01:00:07.983	157.482				2
2026.03.06	01:00:08.588	157.483				2
2026.03.06	01:00:08.888	157.502	157.571			6
2026.03.06	01:00:09.190		157.564			4
2026.03.06	01:00:09.793		157.562			4
2026.03.06	01:00:10.093	157.503	157.535			6
2026.03.06	01:00:10.693		157.537			4
2026.03.06	01:00:10.994		157.538			4
2026.03.06	01:00:12.212		157.536			4
2026.03.06	01:00:12.513		157.539			4
2026.03.06	01:00:13.113		157.542			4
2026.03.06	01:00:15.541		157.544			4
2026.03.06	01:00:18.458		157.545			4
2026.03.06	01:00:22.425		157.540			4
2026.03.06	01:00:22.726		157.541			4
2026.03.06	01:00:40.139		157.540			4
2026.03.06	01:00:48.126	157.527	157.572			6
2026.03.06	01:00:49.974		157.569			4
2026.03.06	01:00:57.972		157.570			4
2026.03.06	01:01:00.008	157.527				2
2026.03.06	01:01:00.608		157.567			4
2026.03.06	01:01:00.909		157.570			4
2026.03.06	01:01:01.209		157.567			4
2026.03.06	01:01:03.641	157.532	157.570			6
2026.03.06	01:01:08.513		157.583			4
2026.03.06	01:01:09.235		157.582			4
2026.03.06	01:01:09.536		157.573			4
2026.03.06	01:01:09.836		157.574			4
2026.03.06	01:01:13.335	157.495	157.547			6
2026.03.06	01:01:14.537		157.558			4
2026.03.06	01:01:15.446		157.533			4
2026.03.06	01:01:16.334	157.496	157.538			6
2026.03.06	01:01:21.637		157.552			4
2026.03.06	01:01:24.054	157.499				2
2026.03.06	01:01:24.356	157.498	157.518			6
2026.03.06	01:01:24.655		157.573			4
2026.03.06	01:01:25.460		157.518			4
2026.03.06	01:01:28.231		157.549			4
2026.03.06	01:01:29.132	157.503				2
2026.03.06	01:01:30.333	157.504				2
2026.03.06	01:01:32.025	157.501				2
2026.03.06	01:01:35.249	157.500				2
2026.03.06	01:01:37.325	157.505				2
2026.03.06	01:01:39.080	157.500				2
2026.03.06	01:01:40.913	157.496				2
2026.03.06	01:01:41.213	157.498				2
2026.03.06	01:01:43.432	157.496				2
2026.03.06	01:01:44.272	157.500				2
2026.03.06	01:01:44.908	157.504				2
2026.03.06	01:01:45.916	157.500				2
2026.03.06	01:01:46.719	157.496				2
2026.03.06	01:01:50.616	157.503				2
2026.03.06	01:01:52.683	157.499	157.551			6
2026.03.06	01:01:54.615	157.493	157.552			6
2026.03.06	01:01:55.560	157.489				2
2026.03.06	01:01:55.860	157.491				2
2026.03.06	01:01:59.170	157.488				2
2026.03.06	01:01:59.772	157.489				2
2026.03.06	01:02:00.073	157.489				2
2026.03.06	01:02:00.372	157.494				2
2026.03.06	01:02:02.109	157.496				2
2026.03.06	01:02:02.408	157.492				2
2026.03.06	01:02:04.511	157.493				2
2026.03.06	01:02:04.810	157.495				2
2026.03.06	01:02:05.711	157.494				2
2026.03.06	01:02:06.914		157.551			4
2026.03.06	01:02:10.069	157.495	157.550			6
2026.03.06	01:02:10.369	157.501	157.549			6
2026.03.06	01:02:11.716		157.550			4
2026.03.06	01:02:12.345	157.495				2
2026.03.06	01:02:15.206	157.489	157.552			6
2026.03.06	01:02:15.506	157.491				2
2026.03.06	01:02:16.409	157.492				2
2026.03.06	01:02:17.009	157.493				2
2026.03.06	01:02:17.609	157.492				2
2026.03.06	01:02:20.612	157.493				2
2026.03.06	01:02:21.253	157.505	157.550			6
2026.03.06	01:02:22.368	157.500				2
2026.03.06	01:02:22.668	157.501				2
2026.03.06	01:02:26.675	157.500				2
2026.03.06	01:02:27.278		157.551			4
2026.03.06	01:02:27.878	157.497	157.550			6
2026.03.06	01:02:28.481	157.496	157.551			6
2026.03.06	01:02:29.113	157.497				2
2026.03.06	01:02:30.614	157.503				2
2026.03.06	01:02:32.541	157.498				2
2026.03.06	01:02:34.515	157.499				2
2026.03.06	01:02:38.421	157.502				2
2026.03.06	01:02:40.331	157.505				2
2026.03.06	01:02:42.368	157.500				2
2026.03.06	01:02:42.669	157.499				2
2026.03.06	01:02:45.018	157.501	157.550			6
2026.03.06	01:02:45.921	157.500				2
2026.03.06	01:02:46.265	157.501				2
2026.03.06	01:02:47.467	157.499	157.551			6
2026.03.06	01:02:48.076	157.498				2
2026.03.06	01:02:49.279	157.497				2
2026.03.06	01:02:49.579	157.498				2
2026.03.06	01:02:50.480	157.504				2
2026.03.06	01:02:50.780		157.550			4
2026.03.06	01:02:52.641	157.500	157.549			6
2026.03.06	01:02:58.474		157.550			4
2026.03.06	01:02:58.775	157.501				2
2026.03.06	01:03:00.280	157.501				2
2026.03.06	01:03:00.580	157.505				2
2026.03.06	01:03:00.881	157.504	157.551			6
2026.03.06	01:03:02.588	157.503	157.546			6
2026.03.06	01:03:04.035		157.547			4
2026.03.06	01:03:04.671	157.502				2
2026.03.06	01:03:05.271	157.497	157.552			6
2026.03.06	01:03:05.573	157.500	157.550			6
2026.03.06	01:03:05.873		157.549			4
2026.03.06	01:03:06.173	157.492	157.556			6
2026.03.06	01:03:06.474	157.500	157.549			6
2026.03.06	01:03:10.614	157.501				2
2026.03.06	01:03:14.941	157.498	157.548			6
2026.03.06	01:03:15.242	157.495	157.549			6
2026.03.06	01:03:15.543	157.497	157.551			6
2026.03.06	01:03:15.843		157.549			4
2026.03.06	01:03:17.350		157.550			4
2026.03.06	01:03:17.650	157.493				2
2026.03.06	01:03:17.950	157.506	157.552			6
2026.03.06	01:03:18.552	157.505	157.553			6
2026.03.06	01:03:18.853	157.511	157.550			6
2026.03.06	01:03:19.153	157.507				2
2026.03.06	01:03:19.453	157.499	157.551			6
2026.03.06	01:03:19.754	157.511				2
2026.03.06	01:03:20.354	157.510				2
2026.03.06	01:03:20.654		157.552			4
2026.03.06	01:03:20.956	157.509				2
2026.03.06	01:03:21.556		157.551			4
2026.03.06	01:03:21.857	157.515				2
2026.03.06	01:03:23.612	157.502	157.545			6
2026.03.06	01:03:24.631	157.529	157.530			6
2026.03.06	01:03:26.733	157.520	157.549			6
2026.03.06	01:03:28.715		157.548			4
2026.03.06	01:03:29.671		157.551			4
2026.03.06	01:03:31.151	157.521				2
2026.03.06	01:03:31.450	157.520				2
2026.03.06	01:03:31.750	157.512				2
2026.03.06	01:03:33.616	157.514				2
2026.03.06	01:03:37.198		157.553			4
2026.03.06	01:03:39.675	157.503	157.561			6
2026.03.06	01:03:43.282	157.512	157.549			6
2026.03.06	01:03:43.582		157.550			4
2026.03.06	01:03:43.996	157.511				2
2026.03.06	01:03:46.216	157.517	157.549			6
2026.03.06	01:03:47.605	157.511				2
2026.03.06	01:03:47.905		157.552			4
2026.03.06	01:03:48.652	157.512				2
2026.03.06	01:03:48.956	157.516				2
2026.03.06	01:03:49.769	157.515	157.553			6
2026.03.06	01:03:50.372	157.516				2
2026.03.06	01:03:53.458	157.512	157.551			6
2026.03.06	01:03:54.553	157.518				2
2026.03.06	01:03:56.117	157.506	157.557			6
2026.03.06	01:03:58.218	157.492	157.562			6
2026.03.06	01:03:58.518	157.510	157.570			6
2026.03.06	01:03:58.818	157.515	157.567			6
2026.03.06	01:03:59.117	157.501	157.568			6
2026.03.06	01:03:59.418	157.515	157.567			6
2026.03.06	01:03:59.720	157.537	157.564			6
2026.03.06	01:04:00.020	157.538	157.565			6
2026.03.06	01:04:00.669	157.539				2
2026.03.06	01:04:00.970		157.566			4
2026.03.06	01:04:01.270		157.565			4
2026.03.06	01:04:01.871		157.564			4
2026.03.06	01:04:03.073	157.532	157.563			6
2026.03.06	01:04:04.674		157.562			4
2026.03.06	01:04:05.716		157.563			4
2026.03.06	01:04:07.216		157.562			4
2026.03.06	01:04:09.349	157.536				2
2026.03.06	01:04:10.160		157.565			4
2026.03.06	01:04:10.460	157.538				2
2026.03.06	01:04:11.662		157.564			4
2026.03.06	01:04:12.862	157.534	157.563			6
2026.03.06	01:04:13.163	157.535	157.566			6
2026.03.06	01:04:14.664	157.533				2
2026.03.06	01:04:14.964		157.565			4
2026.03.06	01:04:16.117	157.536	157.566			6
2026.03.06	01:04:17.017	157.538				2
2026.03.06	01:04:17.317	157.543	157.544			6
2026.03.06	01:04:20.019	157.542	157.567			6
2026.03.06	01:04:20.320		157.569			4
2026.03.06	01:04:22.894	157.544				2
2026.03.06	01:04:23.194	157.542				2
2026.03.06	01:04:23.494	157.552	157.553			6
2026.03.06	01:04:23.794	157.553	157.554			6
2026.03.06	01:04:25.902	157.552	157.553			6
2026.03.06	01:04:26.203	157.551	157.552			6
2026.03.06	01:04:31.606	157.550	157.551			6
2026.03.06	01:04:32.507	157.551	157.552			6
2026.03.06	01:04:33.408	157.555	157.556			6
2026.03.06	01:04:33.708	157.568	157.569			6
2026.03.06	01:04:34.310	157.566	157.567			6
2026.03.06	01:04:34.909	157.568	157.569			6
2026.03.06	01:04:35.211	157.483	157.516			6
2026.03.06	01:04:35.510	157.480	157.510			6
2026.03.06	01:04:35.811	157.499	157.500			6
2026.03.06	01:04:36.110	157.495	157.504			6
2026.03.06	01:04:36.411	157.496	157.505			6
2026.03.06	01:04:37.310	157.497	157.506			6
2026.03.06	01:04:43.918	157.496	157.505			6
2026.03.06	01:04:47.519	157.497	157.506			6
2026.03.06	01:04:47.821	157.523	157.532			6
2026.03.06	01:04:49.021	157.524	157.533			6
2026.03.06	01:04:52.926	157.529	157.538			6
2026.03.06	01:04:53.527	157.579	157.588			6
2026.03.06	01:04:53.826	157.572	157.581			6
2026.03.06	01:04:54.126	157.570	157.579			6
2026.03.06	01:04:54.426	157.569	157.578			6
2026.03.06	01:04:54.726	157.573	157.582			6
2026.03.06	01:04:57.131	157.572	157.581			6
2026.03.06	01:05:00.134	157.572				2
2026.03.06	01:05:00.436	157.538	157.547			6
2026.03.06	01:05:00.734	157.540	157.549			6
2026.03.06	01:05:01.036	157.539	157.548			6
2026.03.06	01:05:02.837	157.540	157.549			6
2026.03.06	01:05:04.638	157.539	157.548			6
2026.03.06	01:05:06.139	157.537	157.545			6
2026.03.06	01:05:06.439	157.538	157.546			6
2026.03.06	01:05:06.739	157.537	157.545			6
2026.03.06	01:05:07.040	157.538	157.546			6
2026.03.06	01:05:08.544	157.539	157.547			6
2026.03.06	01:05:09.144	157.538	157.546			6
2026.03.06	01:05:12.149		157.545			4
2026.03.06	01:05:13.351	157.539	157.546			6
2026.03.06	01:05:14.552	157.538	157.545			6
2026.03.06	01:05:15.153	157.539	157.546			6
2026.03.06	01:05:15.453	157.538	157.545			6
2026.03.06	01:05:15.753	157.539	157.546			6
2026.03.06	01:05:18.154	157.538	157.545			6
2026.03.06	01:05:20.257		157.544			4
2026.03.06	01:05:20.558	157.539	157.545			6
2026.03.06	01:05:20.858	157.540	157.546			6
2026.03.06	01:05:21.460	157.539	157.545			6
2026.03.06	01:05:23.562	157.541	157.547			6
2026.03.06	01:05:23.862	157.540	157.546			6
2026.03.06	01:05:24.463	157.539	157.545			6
2026.03.06	01:05:25.364	157.540	157.546			6
2026.03.06	01:05:25.665	157.538	157.544			6
2026.03.06	01:05:25.965	157.539	157.545			6
2026.03.06	01:05:29.266	157.540	157.546			6
2026.03.06	01:05:30.166		157.545			4
2026.03.06	01:05:30.768	157.538	157.543			6
2026.03.06	01:05:31.969	157.537	157.542			6
2026.03.06	01:05:32.871	157.538	157.543			6
2026.03.06	01:05:33.772	157.539	157.544			6
2026.03.06	01:05:34.073	157.540	157.545			6
2026.03.06	01:05:41.286		157.544			4
2026.03.06	01:05:43.087	157.539	157.543			6
2026.03.06	01:05:43.388	157.540	157.544			6
2026.03.06	01:05:45.491	157.541	157.545			6
2026.03.06	01:05:46.393	157.540	157.544			6
2026.03.06	01:05:53.301	157.541				2
2026.03.06	01:05:57.505	157.540	157.543			6
2026.03.06	01:05:57.805	157.536	157.539			6
2026.03.06	01:05:58.405	157.537	157.540			6
2026.03.06	01:05:59.908	157.538	157.541			6
2026.03.06	01:06:00.208	157.554	157.570			6
2026.03.06	01:06:00.508	157.557	157.560			6
2026.03.06	01:06:00.809	157.570	157.571			6
2026.03.06	01:06:01.109	157.561	157.565			6
2026.03.06	01:06:01.408	157.568	157.572			6
2026.03.06	01:06:01.710	157.571	157.575			6
2026.03.06	01:06:02.609	157.573	157.577			6
2026.03.06	01:06:03.511	157.574	157.578			6
2026.03.06	01:06:04.112	157.575	157.579			6
2026.03.06	01:06:04.412	157.584	157.588			6
2026.03.06	01:06:08.315	157.585				2
2026.03.06	01:06:11.017	157.584	157.587			6
2026.03.06	01:06:11.618	157.585	157.588			6
2026.03.06	01:06:16.722	157.586	157.589			6
2026.03.06	01:06:19.130		157.588			4
2026.03.06	01:06:20.632	157.585	157.587			6
2026.03.06	01:06:20.932	157.586	157.588			6
2026.03.06	01:06:21.233	157.585	157.587			6
2026.03.06	01:06:24.535	157.594	157.596			6
2026.03.06	01:06:25.437	157.596	157.598			6
2026.03.06	01:06:29.643	157.593	157.594			6
2026.03.06	01:06:29.940	157.585	157.587			6
2026.03.06	01:06:30.543	157.584	157.586			6
2026.03.06	01:06:31.444	157.583	157.585			6
2026.03.06	01:06:34.149		157.584			4
2026.03.06	01:06:45.266	157.588	157.589			6
2026.03.06	01:06:45.567	157.602	157.603			6
2026.03.06	01:06:45.868	157.608	157.609			6
2026.03.06	01:06:46.168	157.604	157.605			6
2026.03.06	01:06:46.468	157.599	157.600			6
2026.03.06	01:06:46.768	157.595	157.596			6
2026.03.06	01:06:47.070	157.598	157.599			6
2026.03.06	01:06:47.370	157.594	157.596			6
2026.03.06	01:06:47.670	157.602	157.603			6
2026.03.06	01:06:47.971	157.597	157.599			6
2026.03.06	01:06:48.273	157.602	157.603			6
2026.03.06	01:06:48.573	157.597	157.599			6
2026.03.06	01:06:49.177	157.598				2
2026.03.06	01:06:52.185	157.597	157.598			6
2026.03.06	01:06:53.685	157.596	157.597			6
2026.03.06	01:06:59.393	157.597	157.598			6
2026.03.06	01:07:00.295	157.597				2
2026.03.06	01:07:00.596	157.596	157.597			6
2026.03.06	01:07:07.506	157.593	157.594			6
2026.03.06	01:07:07.805	157.585	157.586			6
2026.03.06	01:07:16.511	157.584	157.585			6
2026.03.06	01:07:27.624	157.585	157.586			6
2026.03.06	01:07:30.327	157.584	157.585			6
2026.03.06	01:07:46.547	157.585	157.586			6
2026.03.06	01:07:46.848	157.584	157.585			6
2026.03.06	01:08:00.072	157.584				2
2026.03.06	01:08:03.383	157.585	157.586			6
2026.03.06	01:08:20.806	157.584	157.585			6
2026.03.06	01:08:21.106	157.582	157.583			6
2026.03.06	01:08:21.708	157.583	157.584			6
2026.03.06	01:08:22.609	157.582	157.583			6
2026.03.06	01:08:27.416	157.581	157.582			6
2026.03.06	01:08:34.922	157.572	157.573			6
2026.03.06	01:08:35.223	157.570	157.571			6
2026.03.06	01:08:35.523	157.569	157.570			6
2026.03.06	01:08:35.823	157.568	157.569			6
2026.03.06	01:08:37.924	157.569	157.570			6
2026.03.06	01:08:39.730	157.568	157.569			6
2026.03.06	01:08:42.737	157.569	157.570			6
2026.03.06	01:08:43.037	157.570	157.571			6
2026.03.06	01:08:46.654	157.571	157.572			6
2026.03.06	01:08:47.556	157.572	157.573			6
2026.03.06	01:08:48.457	157.573	157.574			6
2026.03.06	01:08:50.861	157.572	157.573			6
2026.03.06	01:08:52.367	157.573	157.574			6
2026.03.06	01:09:00.185	157.573				2
2026.03.06	01:09:05.895	157.572	157.573			6
2026.03.06	01:09:06.195	157.573	157.574			6
2026.03.06	01:09:09.201	157.572	157.573			6
2026.03.06	01:09:11.004	157.573	157.574			6
2026.03.06	01:09:17.608	157.572	157.573			6
2026.03.06	01:09:20.011	157.571	157.572			6
2026.03.06	01:09:42.249	157.570	157.571			6
2026.03.06	01:09:42.549	157.571	157.572			6
2026.03.06	01:09:42.849	157.570	157.571			6
2026.03.06	01:09:56.371	157.575	157.576			6
2026.03.06	01:09:56.972	157.576	157.577			6
2026.03.06	01:10:00.277	157.576				2
2026.03.06	01:10:02.984	157.574	157.575			6
2026.03.06	01:10:03.587	157.576	157.577			6
2026.03.06	01:10:04.792	157.570	157.571			6
2026.03.06	01:10:05.091	157.566	157.567			6
2026.03.06	01:10:15.311	157.565	157.566			6
2026.03.06	01:10:17.413	157.558	157.559			6
2026.03.06	01:10:17.712	157.555	157.556			6
2026.03.06	01:10:18.012	157.557	157.558			6
2026.03.06	01:10:19.514	157.558	157.559			6
2026.03.06	01:10:20.416	157.557	157.558			6
2026.03.06	01:10:21.318	157.558	157.559			6
2026.03.06	01:10:21.918	157.557	157.558			6
2026.03.06	01:10:22.519	157.558	157.559			6
2026.03.06	01:10:45.651	157.557	157.558			6
2026.03.06	01:10:56.178	157.556	157.557			6
2026.03.06	01:10:57.982	157.557	157.558			6
2026.03.06	01:10:58.885	157.556	157.557			6
2026.03.06	01:10:59.185	157.558	157.559			6
2026.03.06	01:10:59.485	157.559	157.560			6
2026.03.06	01:11:00.088	157.560	157.561			6
2026.03.06	01:11:16.313	157.559	157.560			6
2026.03.06	01:11:21.118	157.560	157.561			6
2026.03.06	01:11:22.018	157.559	157.560			6
2026.03.06	01:11:27.424	157.554	157.555			6
2026.03.06	01:11:29.226	157.553	157.554			6
2026.03.06	01:11:30.130	157.555	157.556			6
2026.03.06	01:11:32.233	157.557	157.558			6
2026.03.06	01:11:32.533	157.559	157.560			6
2026.03.06	01:11:39.746	157.558	157.559			6
2026.03.06	01:11:50.885	157.559	157.560			6
2026.03.06	01:11:58.700	157.558	157.559			6
2026.03.06	01:11:58.999	157.556	157.557			6
2026.03.06	01:12:00.202	157.556				2
2026.03.06	01:12:00.502	157.555	157.556			6
2026.03.06	01:12:00.803	157.550	157.551			6
2026.03.06	01:12:01.405	157.553	157.554			6
2026.03.06	01:12:07.417	157.551	157.552			6
2026.03.06	01:12:11.620	157.546	157.547			6
2026.03.06	01:12:11.922	157.544	157.545			6
2026.03.06	01:12:13.721	157.543	157.544			6
2026.03.06	01:12:37.471	157.542	157.543			6
2026.03.06	01:12:38.073	157.541	157.542			6
2026.03.06	01:12:59.114	157.550	157.551			6
2026.03.06	01:13:00.013	157.550				2
2026.03.06	01:13:00.313	157.552	157.553			6
2026.03.06	01:13:04.818	157.551	157.552			6
2026.03.06	01:13:05.419	157.552	157.553			6
2026.03.06	01:13:09.624	157.553	157.554			6
2026.03.06	01:13:21.039	157.551	157.552			6
2026.03.06	01:13:23.444	157.549	157.550			6
2026.03.06	01:13:23.744	157.548	157.549			6
2026.03.06	01:13:24.647	157.551	157.552			6
2026.03.06	01:13:24.947	157.552	157.553			6
2026.03.06	01:13:50.804	157.553	157.554			6
2026.03.06	01:14:00.112	157.553				2
2026.03.06	01:14:01.014	157.554	157.555			6
2026.03.06	01:14:01.314	157.553	157.554			6
2026.03.06	01:15:00.231	157.554	157.555			6
2026.03.06	01:15:19.157	157.567	157.568			6
2026.03.06	01:15:19.457	157.566	157.567			6
2026.03.06	01:15:19.756	157.564	157.565			6
2026.03.06	01:15:20.057	157.566	157.567			6
2026.03.06	01:15:20.357	157.567	157.568			6
2026.03.06	01:15:27.870	157.568	157.569			6
2026.03.06	01:15:29.977	157.567	157.568			6
2026.03.06	01:15:30.277	157.566	157.567			6
2026.03.06	01:15:33.290	157.567	157.568			6
2026.03.06	01:15:38.097	157.566	157.567			6
2026.03.06	01:15:46.810	157.565	157.566			6
2026.03.06	01:15:48.312	157.566	157.567			6
2026.03.06	01:15:50.114	157.565	157.566			6
2026.03.06	01:15:54.023	157.555	157.556			6
2026.03.06	01:16:00.033	157.555				2
2026.03.06	01:16:01.533	157.554	157.555			6
2026.03.06	01:17:00.136	157.553	157.554			6
2026.03.06	01:17:13.978	157.554	157.555			6
2026.03.06	01:17:14.580	157.553	157.554			6
2026.03.06	01:17:14.881	157.554	157.555			6
2026.03.06	01:17:16.985	157.553	157.554			6
2026.03.06	01:17:23.604	157.554	157.555			6
2026.03.06	01:17:58.757	157.556	157.557			6
2026.03.06	01:17:59.057	157.558	157.559			6
2026.03.06	01:17:59.958	157.559	157.560			6
2026.03.06	01:18:00.257	157.559				2
2026.03.06	01:18:17.692	157.567	157.568			6
2026.03.06	01:18:17.989	157.570	157.571			6
2026.03.06	01:18:18.590	157.571	157.572			6
2026.03.06	01:18:20.993	157.572	157.573			6
2026.03.06	01:18:22.796	157.581	157.582			6
2026.03.06	01:18:23.094	157.583	157.584			6
2026.03.06	01:18:24.297	157.584	157.585			6
2026.03.06	01:18:39.319	157.572	157.573			6
2026.03.06	01:18:39.620	157.571	157.572			6
2026.03.06	01:18:42.925	157.572	157.573			6
2026.03.06	01:18:57.057	157.578	157.579			6
2026.03.06	01:18:57.357	157.579	157.580			6
2026.03.06	01:18:58.265	157.580	157.581			6
2026.03.06	01:19:00.069	157.580				2
2026.03.06	01:19:00.370	157.579	157.580			6
2026.03.06	01:19:01.575	157.580	157.581			6
2026.03.06	01:19:06.382	157.591	157.592			6
2026.03.06	01:19:07.583	157.592	157.593			6
2026.03.06	01:19:09.686	157.591	157.592			6
2026.03.06	01:19:15.093	157.592	157.593			6
2026.03.06	01:19:49.047	157.591	157.592			6
2026.03.06	01:19:55.658	157.580	157.581			6
2026.03.06	01:19:59.862	157.582	157.583			6
2026.03.06	01:20:00.163	157.589	157.590			6
2026.03.06	01:20:00.464	157.590	157.591			6
2026.03.06	01:20:00.764	157.591	157.592			6
2026.03.06	01:20:07.378	157.588	157.589			6
2026.03.06	01:20:07.981	157.589	157.590			6
2026.03.06	01:20:08.281	157.581	157.582			6
2026.03.06	01:20:08.582	157.579	157.580			6
2026.03.06	01:20:12.793	157.584	157.585			6
2026.03.06	01:20:13.993	157.585	157.586			6
2026.03.06	01:20:25.710	157.584	157.585			6
2026.03.06	01:20:41.330	157.586	157.587			6
2026.03.06	01:20:56.652	157.587	157.588			6
2026.03.06	01:20:56.955	157.586	157.587			6
2026.03.06	01:21:00.265	157.586				2
2026.03.06	01:21:01.164	157.587	157.588			6
2026.03.06	01:21:08.386	157.586	157.587			6
2026.03.06	01:21:10.493	157.587	157.588			6
2026.03.06	01:21:14.402	157.586	157.587			6
2026.03.06	01:21:25.513	157.584	157.585			6
2026.03.06	01:21:30.625	157.586	157.587			6
2026.03.06	01:21:31.225	157.587	157.588			6
2026.03.06	01:21:41.141	157.586	157.587			6
2026.03.06	01:21:51.068	157.585	157.586			6
2026.03.06	01:21:51.369	157.586	157.587			6
2026.03.06	01:22:00.095	157.586				2
2026.03.06	01:22:21.425	157.585	157.586			6
2026.03.06	01:22:25.636	157.583	157.584			6
2026.03.06	01:22:41.863	157.582	157.583			6
2026.03.06	01:22:43.973	157.583	157.584			6
2026.03.06	01:22:52.398	157.581	157.582			6
2026.03.06	01:22:53.601	157.582	157.583			6
2026.03.06	01:23:00.214	157.582				2
2026.03.06	01:23:10.430	157.587	157.588			6
2026.03.06	01:23:10.731	157.588	157.589			6
2026.03.06	01:23:11.333	157.589	157.590			6
2026.03.06	01:23:25.161	157.590	157.591			6
2026.03.06	01:23:32.678	157.587	157.588			6
2026.03.06	01:23:32.978	157.581	157.582			6
2026.03.06	01:23:48.906	157.580	157.581			6
2026.03.06	01:23:50.409	157.578	157.579			6
2026.03.06	01:23:50.711	157.576	157.577			6
2026.03.06	01:23:57.018	157.577	157.578			6
2026.03.06	01:23:57.320	157.578	157.579			6
2026.03.06	01:24:00.025	157.577	157.578			6
2026.03.06	01:24:00.925	157.578	157.579			6
2026.03.06	01:24:02.430	157.577	157.578			6
2026.03.06	01:24:21.661	157.580	157.581			6
2026.03.06	01:24:25.869	157.579	157.580			6
2026.03.06	01:24:31.579	157.573	157.574			6
2026.03.06	01:24:31.883	157.579	157.580			6
2026.03.06	01:24:32.185	157.580	157.581			6
2026.03.06	01:24:41.204	157.579	157.580			6
2026.03.06	01:24:51.114	157.580	157.581			6
2026.03.06	01:24:51.414	157.579	157.580			6
2026.03.06	01:24:58.618	157.580	157.581			6
2026.03.06	01:25:00.120	157.580				2
2026.03.06	01:25:00.421	157.579	157.580			6
2026.03.06	01:25:04.628	157.585	157.586			6
2026.03.06	01:25:04.929	157.592	157.593			6
2026.03.06	01:25:05.230	157.591	157.592			6
2026.03.06	01:25:06.433	157.592	157.593			6
2026.03.06	01:25:07.935	157.590	157.591			6
2026.03.06	01:25:46.429	157.591	157.592			6
2026.03.06	01:25:48.231	157.589	157.590			6
2026.03.06	01:25:52.736	157.590	157.591			6
2026.03.06	01:26:00.260	157.590				2
2026.03.06	01:26:20.695	157.589	157.590			6
2026.03.06	01:27:00.067	157.589				2
2026.03.06	01:27:12.081	157.588	157.589			6
2026.03.06	01:27:23.508	157.587	157.588			6
2026.03.06	01:27:41.233	157.581	157.582			6
2026.03.06	01:27:41.533	157.577	157.578			6
2026.03.06	01:27:42.135	157.576	157.577			6
2026.03.06	01:27:42.436	157.577	157.578			6
2026.03.06	01:27:51.164	157.578	157.579			6
2026.03.06	01:27:55.083	157.577	157.578			6
2026.03.06	01:28:00.190	157.577				2
2026.03.06	01:28:07.699	157.574	157.575			6
2026.03.06	01:28:08.000	157.576	157.577			6
2026.03.06	01:28:19.714	157.577	157.578			6
2026.03.06	01:29:00.004	157.577				2
2026.03.06	01:29:10.218	157.579	157.580			6
2026.03.06	01:29:10.517	157.584	157.585			6
2026.03.06	01:29:11.117	157.585	157.586			6
2026.03.06	01:29:15.325	157.588	157.589			6
2026.03.06	01:29:15.626	157.589	157.590			6
2026.03.06	01:29:16.527	157.590	157.591			6
2026.03.06	01:29:33.668	157.589	157.590			6
2026.03.06	01:29:36.973	157.590	157.591			6
2026.03.06	01:29:40.882	157.589	157.590			6
2026.03.06	01:29:41.184	157.590	157.591			6
2026.03.06	01:29:43.292	157.589	157.590			6
2026.03.06	01:29:43.893	157.590	157.591			6
2026.03.06	01:29:47.194	157.589	157.590			6
2026.03.06	01:29:47.495	157.590	157.591			6
2026.03.06	01:29:48.998	157.589	157.590			6
2026.03.06	01:30:00.110	157.589				2
2026.03.06	01:30:00.410	157.584	157.585			6
2026.03.06	01:30:00.711	157.583	157.584			6
2026.03.06	01:30:01.011	157.587	157.588			6
2026.03.06	01:30:01.312	157.589	157.590			6
2026.03.06	01:30:02.213	157.590	157.591			6
2026.03.06	01:30:09.724	157.593	157.594			6
2026.03.06	01:30:10.024	157.591	157.592			6
2026.03.06	01:30:10.623	157.590	157.591			6
2026.03.06	01:30:11.823	157.589	157.590			6
2026.03.06	01:30:15.428	157.590	157.591			6
2026.03.06	01:30:15.728	157.591	157.592			6
2026.03.06	01:30:17.230	157.590	157.591			6
2026.03.06	01:30:17.831	157.591	157.592			6
2026.03.06	01:30:21.135	157.590	157.591			6
2026.03.06	01:30:21.738	157.591	157.592			6
2026.03.06	01:30:22.938	157.590	157.591			6
2026.03.06	01:30:23.237	157.591	157.592			6
2026.03.06	01:30:24.439	157.592	157.593			6
2026.03.06	01:30:24.738	157.591	157.592			6
2026.03.06	01:30:25.939	157.592	157.593			6
2026.03.06	01:30:26.539	157.591	157.592			6
2026.03.06	01:30:26.841	157.592	157.593			6
2026.03.06	01:30:27.741	157.591	157.592			6
2026.03.06	01:30:28.041	157.592	157.593			6
2026.03.06	01:30:28.641	157.591	157.592			6
2026.03.06	01:30:29.244	157.592	157.593			6
2026.03.06	01:30:29.847	157.591	157.592			6
2026.03.06	01:30:30.145	157.595	157.596			6
2026.03.06	01:30:30.444	157.596	157.597			6
2026.03.06	01:30:34.049	157.593	157.594			6
2026.03.06	01:30:34.347	157.592	157.593			6
2026.03.06	01:30:37.052	157.595	157.596			6
2026.03.06	01:30:37.353	157.596	157.597			6
2026.03.06	01:30:57.177	157.585	157.586			6
2026.03.06	01:30:57.478	157.583	157.584			6
2026.03.06	01:30:58.380	157.581	157.586			6
2026.03.06	01:30:58.680	157.580	157.585			6
2026.03.06	01:30:58.980	157.581	157.586			6
2026.03.06	01:30:59.283	157.579	157.584			6
2026.03.06	01:30:59.583	157.580	157.585			6
2026.03.06	01:31:00.183	157.580				2
2026.03.06	01:31:01.387	157.579	157.584			6
2026.03.06	01:31:01.689	157.580	157.585			6
2026.03.06	01:31:02.288	157.577	157.582			6
2026.03.06	01:31:03.192	157.578				2
2026.03.06	01:31:03.493	157.577	157.581			6
2026.03.06	01:31:03.793	157.589	157.593			6
2026.03.06	01:31:04.093	157.591	157.595			6
2026.03.06	01:31:04.394	157.583	157.589			6
2026.03.06	01:31:05.598	157.584				2
2026.03.06	01:31:05.900	157.583				2
2026.03.06	01:31:06.199	157.584				2
2026.03.06	01:31:06.500	157.583	157.588			6
2026.03.06	01:31:06.801		157.589			4
2026.03.06	01:31:07.401		157.588			4
2026.03.06	01:31:07.702	157.584	157.591			6
2026.03.06	01:31:08.002	157.588	157.595			6
2026.03.06	01:31:08.301	157.589				2
2026.03.06	01:31:09.202	157.590				2
2026.03.06	01:31:14.911	157.594	157.601			6
2026.03.06	01:31:15.510	157.595	157.602			6
2026.03.06	01:31:16.412		157.601			4
2026.03.06	01:31:19.114	157.594				2
2026.03.06	01:31:19.714	157.589	157.595			6
2026.03.06	01:31:20.917	157.588				2
2026.03.06	01:31:21.219	157.589				2
2026.03.06	01:31:23.584	157.591	157.597			6
2026.03.06	01:31:25.839	157.590	157.594			6
2026.03.06	01:31:26.145		157.595			4
2026.03.06	01:31:26.441		157.596			4
2026.03.06	01:31:26.742	157.591				2
2026.03.06	01:31:29.510	157.594	157.601			6
2026.03.06	01:31:30.111	157.595	157.602			6
2026.03.06	01:31:30.711	157.594	157.601			6
2026.03.06	01:31:31.012	157.595	157.602			6
2026.03.06	01:31:37.319		157.601			4
2026.03.06	01:31:40.624	157.596	157.602			6
2026.03.06	01:31:40.924	157.595	157.601			6
2026.03.06	01:31:47.231	157.594	157.600			6
2026.03.06	01:31:50.235		157.599			4
2026.03.06	01:31:50.536	157.595	157.600			6
2026.03.06	01:31:51.135	157.594	157.599			6
2026.03.06	01:31:51.737	157.593	157.598			6
2026.03.06	01:31:52.037	157.592	157.597			6
2026.03.06	01:31:52.637	157.593	157.598			6
2026.03.06	01:31:53.237	157.592	157.597			6
2026.03.06	01:31:53.537	157.594	157.599			6
2026.03.06	01:31:55.938	157.595	157.600			6
2026.03.06	01:31:58.052	157.594	157.599			6
2026.03.06	01:32:00.164	157.594				2
2026.03.06	01:32:01.969	157.595	157.600			6
2026.03.06	01:32:04.377		157.599			4
2026.03.06	01:32:10.390		157.596			4
2026.03.06	01:32:10.690	157.591	157.595			6
2026.03.06	01:32:11.594	157.590	157.594			6
2026.03.06	01:32:11.894	157.591	157.595			6
2026.03.06	01:32:12.495	157.590	157.594			6
2026.03.06	01:32:13.395	157.591	157.595			6
2026.03.06	01:32:13.695	157.590	157.594			6
2026.03.06	01:32:13.996	157.591				2
2026.03.06	01:32:14.296	157.590				2
2026.03.06	01:32:14.897	157.591				2
2026.03.06	01:32:15.197		157.595			4
2026.03.06	01:32:18.201	157.592	157.596			6
2026.03.06	01:32:18.502	157.591	157.595			6
2026.03.06	01:32:19.403		157.594			4
2026.03.06	01:32:22.109	157.592	157.595			6
2026.03.06	01:32:22.408	157.591	157.594			6
2026.03.06	01:32:22.709	157.592	157.595			6
2026.03.06	01:32:23.010	157.591	157.594			6
2026.03.06	01:32:24.812	157.592	157.595			6
2026.03.06	01:32:25.112	157.591	157.594			6
2026.03.06	01:32:27.214	157.592	157.595			6
2026.03.06	01:32:31.118		157.594			4
2026.03.06	01:32:32.319	157.593	157.595			6
2026.03.06	01:32:32.618	157.592	157.594			6
2026.03.06	01:32:32.918	157.593	157.595			6
2026.03.06	01:32:33.219	157.592	157.594			6
2026.03.06	01:32:33.520	157.593	157.595			6
2026.03.06	01:32:34.120	157.592	157.594			6
2026.03.06	01:32:41.325		157.593			4
2026.03.06	01:32:41.624	157.593	157.594			6
2026.03.06	01:32:43.130	157.592	157.593			6
2026.03.06	01:32:43.429	157.593	157.594			6
2026.03.06	01:32:43.729	157.592	157.593			6
2026.03.06	01:32:44.029	157.593	157.594			6
2026.03.06	01:32:46.133	157.592	157.593			6
2026.03.06	01:32:50.039	157.591	157.592			6
2026.03.06	01:32:50.640	157.590	157.591			6
2026.03.06	01:32:51.240	157.591	157.592			6
2026.03.06	01:32:58.162	157.590	157.591			6
2026.03.06	01:32:58.462	157.591	157.592			6
2026.03.06	01:33:00.265	157.591				2
2026.03.06	01:33:01.767	157.590	157.591			6
2026.03.06	01:33:02.067	157.591	157.592			6
2026.03.06	01:33:03.869	157.590	157.591			6
2026.03.06	01:33:04.170	157.591	157.592			6
2026.03.06	01:33:05.974	157.590	157.591			6
2026.03.06	01:33:06.274	157.591	157.592			6
2026.03.06	01:33:07.477	157.592	157.593			6
2026.03.06	01:33:07.778	157.591	157.592			6
2026.03.06	01:33:08.079	157.590	157.591			6
2026.03.06	01:33:08.379	157.591	157.592			6
2026.03.06	01:33:08.680	157.590	157.591			6
2026.03.06	01:33:09.580	157.591	157.592			6
2026.03.06	01:33:10.480	157.590	157.591			6
2026.03.06	01:33:10.781	157.591	157.592			6
2026.03.06	01:33:17.089	157.590	157.591			6
2026.03.06	01:33:17.388	157.591	157.592			6
2026.03.06	01:33:19.189	157.590	157.591			6
2026.03.06	01:33:19.489	157.591	157.592			6
2026.03.06	01:33:20.690	157.590	157.591			6
2026.03.06	01:33:21.291	157.591	157.592			6
2026.03.06	01:33:21.893	157.590	157.591			6
2026.03.06	01:33:22.493	157.591	157.592			6
2026.03.06	01:33:23.393	157.590	157.591			6
2026.03.06	01:33:24.293	157.591	157.592			6
2026.03.06	01:33:25.195	157.592	157.593			6
2026.03.06	01:33:25.494	157.591	157.592			6
2026.03.06	01:33:26.396	157.592	157.593			6
2026.03.06	01:33:26.997	157.591	157.592			6
2026.03.06	01:33:27.296	157.589	157.590			6
2026.03.06	01:33:28.196	157.590	157.591			6
2026.03.06	01:33:29.098	157.591	157.592			6
2026.03.06	01:33:29.398	157.590	157.591			6
2026.03.06	01:33:32.399	157.591	157.592			6
2026.03.06	01:33:33.905	157.590	157.591			6
2026.03.06	01:33:36.608	157.591	157.592			6
2026.03.06	01:33:36.909	157.590	157.591			6
2026.03.06	01:33:37.209	157.591	157.592			6
2026.03.06	01:33:38.411	157.590	157.591			6
2026.03.06	01:33:40.514	157.589	157.590			6
2026.03.06	01:33:41.114	157.590	157.591			6
2026.03.06	01:33:42.617	157.591	157.592			6
2026.03.06	01:33:42.917	157.590	157.591			6
2026.03.06	01:33:43.217	157.591	157.592			6
2026.03.06	01:33:43.518	157.590	157.591			6
2026.03.06	01:33:43.817	157.589	157.590			6
2026.03.06	01:33:44.117	157.590	157.591			6
2026.03.06	01:33:45.919	157.591	157.592			6
2026.03.06	01:33:46.220	157.590	157.591			6
2026.03.06	01:33:47.122	157.591	157.592			6
2026.03.06	01:33:47.423	157.590	157.591			6
2026.03.06	01:33:48.325	157.591	157.592			6
2026.03.06	01:33:48.625	157.590	157.591			6
2026.03.06	01:33:48.926	157.591	157.592			6
2026.03.06	01:33:49.225	157.590	157.591			6
2026.03.06	01:33:53.132	157.591	157.592			6
2026.03.06	01:33:53.732	157.589	157.590			6
2026.03.06	01:33:54.032	157.590	157.591			6
2026.03.06	01:33:54.332	157.591	157.592			6
2026.03.06	01:33:55.232	157.590	157.591			6
2026.03.06	01:33:55.833	157.591	157.592			6
2026.03.06	01:34:00.036	157.591				2
2026.03.06	01:34:04.542	157.589	157.590			6
2026.03.06	01:34:06.352	157.579	157.580			6
2026.03.06	01:34:16.573	157.580	157.581			6
2026.03.06	01:34:16.873	157.581	157.582			6
2026.03.06	01:34:48.123	157.579	157.580			6
2026.03.06	01:34:48.424	157.578	157.579			6
2026.03.06	01:35:00.138	157.578				2
2026.03.06	01:35:03.139	157.577	157.578			6
2026.03.06	01:35:04.340	157.569	157.570			6
2026.03.06	01:35:04.641	157.571	157.572			6
2026.03.06	01:35:04.941	157.572	157.573			6
2026.03.06	01:35:08.845	157.571	157.572			6
2026.03.06	01:35:10.045	157.572	157.573			6
2026.03.06	01:35:50.310	157.580	157.581			6
2026.03.06	01:35:50.611	157.581	157.582			6
2026.03.06	01:36:00.233	157.581				2
2026.03.06	01:36:14.353	157.579	157.580			6
2026.03.06	01:36:14.653	157.577	157.578			6
2026.03.06	01:36:15.555	157.578	157.579			6
2026.03.06	01:36:17.355	157.579	157.580			6
2026.03.06	01:36:18.859	157.578	157.579			6
2026.03.06	01:36:19.459	157.580	157.581			6
2026.03.06	01:36:38.404	157.578	157.579			6
2026.03.06	01:36:41.711	157.572	157.573			6
2026.03.06	01:36:42.311	157.570	157.571			6
2026.03.06	01:36:42.612	157.569	157.570			6
2026.03.06	01:36:45.013	157.568	157.569			6
2026.03.06	01:36:45.613	157.569	157.570			6
2026.03.06	01:36:45.912	157.568	157.569			6
2026.03.06	01:36:54.922	157.566	157.567			6
2026.03.06	01:36:55.222	157.565	157.566			6
2026.03.06	01:37:00.029	157.565				2
2026.03.06	01:37:05.434	157.557	157.558			6
2026.03.06	01:37:05.735	157.556	157.557			6
2026.03.06	01:37:06.336		157.558			4
2026.03.06	01:37:09.640	157.555	157.557			6
2026.03.06	01:37:11.142	157.556				2
2026.03.06	01:37:26.788	157.551	157.552			6
2026.03.06	01:37:27.087	157.549	157.550			6
2026.03.06	01:37:28.886	157.538	157.539			6
2026.03.06	01:37:29.189	157.536	157.542			6
2026.03.06	01:37:30.394	157.533	157.538			6
2026.03.06	01:37:30.689	157.531	157.537			6
2026.03.06	01:37:31.289		157.538			4
2026.03.06	01:37:32.192		157.537			4
2026.03.06	01:37:33.397	157.532	157.538			6
2026.03.06	01:37:35.342	157.531	157.537			6
2026.03.06	01:37:35.643	157.532	157.538			6
2026.03.06	01:37:41.355		157.537			4
2026.03.06	01:37:46.765	157.533	157.538			6
2026.03.06	01:37:49.167		157.537			4
2026.03.06	01:37:50.070	157.536				2
2026.03.06	01:37:50.369	157.538	157.542			6
2026.03.06	01:37:51.271	157.537				2
2026.03.06	01:37:59.389	157.538				2
2026.03.06	01:38:00.291	157.538				2
2026.03.06	01:38:02.697	157.537	157.541			6
2026.03.06	01:38:05.102		157.540			4
2026.03.06	01:38:12.312	157.538				2
2026.03.06	01:38:16.223	157.537	157.539			6
2026.03.06	01:38:17.124	157.538				2
2026.03.06	01:38:18.025	157.539	157.540			6
2026.03.06	01:38:18.325	157.540	157.541			6
2026.03.06	01:38:18.625	157.541	157.542			6
2026.03.06	01:38:26.733	157.542	157.543			6
2026.03.06	01:38:45.358	157.540	157.541			6
2026.03.06	01:38:45.660	157.539	157.540			6
2026.03.06	01:38:49.874	157.538	157.539			6
2026.03.06	01:38:50.174	157.537	157.538			6
2026.03.06	01:38:50.775	157.538	157.539			6
2026.03.06	01:38:51.075	157.537	157.538			6
2026.03.06	01:38:51.375	157.538	157.539			6
2026.03.06	01:38:53.780	157.537	157.538			6
2026.03.06	01:38:55.585	157.536	157.537			6
2026.03.06	01:38:55.886	157.537	157.538			6
2026.03.06	01:38:56.486	157.538	157.539			6
2026.03.06	01:38:57.387	157.539	157.540			6
2026.03.06	01:38:58.891	157.534	157.535			6
2026.03.06	01:39:00.094	157.534				2
2026.03.06	01:39:00.995	157.535	157.536			6
2026.03.06	01:39:01.898	157.534	157.535			6
2026.03.06	01:39:02.197	157.535	157.536			6
2026.03.06	01:39:07.310	157.538	157.539			6
2026.03.06	01:39:07.604	157.539	157.540			6
2026.03.06	01:39:08.506	157.538	157.539			6
2026.03.06	01:39:09.707	157.539	157.540			6
2026.03.06	01:39:15.714	157.538	157.539			6
2026.03.06	01:39:18.418	157.539	157.540			6
2026.03.06	01:39:20.518	157.537	157.538			6
2026.03.06	01:39:21.420	157.535	157.536			6
2026.03.06	01:39:25.929	157.534	157.535			6
2026.03.06	01:39:30.135	157.535	157.536			6
2026.03.06	01:39:32.241	157.525	157.526			6
2026.03.06	01:39:32.838	157.524	157.525			6
2026.03.06	01:39:33.139	157.523				2
2026.03.06	01:39:39.148		157.524			4
2026.03.06	01:39:48.469	157.525	157.526			6
2026.03.06	01:39:51.776	157.524	157.525			6
2026.03.06	01:39:58.091	157.523	157.524			6
2026.03.06	01:39:58.693	157.524	157.525			6
2026.03.06	01:40:00.195	157.524				2
2026.03.06	01:40:01.696	157.525	157.526			6
2026.03.06	01:40:02.296	157.526	157.527			6
2026.03.06	01:40:07.102	157.525	157.526			6
2026.03.06	01:40:11.009	157.526	157.527			6
2026.03.06	01:40:17.017	157.524	157.525			6
2026.03.06	01:40:20.321	157.525	157.526			6
2026.03.06	01:40:20.923	157.526	157.527			6
2026.03.06	01:40:21.222	157.525	157.526			6
2026.03.06	01:40:24.226	157.526	157.527			6
2026.03.06	01:40:25.427	157.525	157.526			6
2026.03.06	01:40:26.030	157.526	157.527			6
2026.03.06	01:40:26.332	157.525	157.526			6
2026.03.06	01:40:26.630	157.526	157.527			6
2026.03.06	01:40:31.135	157.525	157.526			6
2026.03.06	01:40:32.034	157.526	157.527			6
2026.03.06	01:40:32.936	157.525	157.526			6
2026.03.06	01:40:46.780	157.524	157.525			6
2026.03.06	01:40:49.488	157.525	157.526			6
2026.03.06	01:40:52.190	157.524	157.525			6
2026.03.06	01:40:52.490	157.525	157.526			6
2026.03.06	01:40:53.391	157.524	157.525			6
2026.03.06	01:40:54.294	157.525	157.526			6
2026.03.06	01:40:55.797	157.524	157.525			6
2026.03.06	01:40:57.601	157.525	157.526			6
2026.03.06	01:41:00.006	157.525				2
2026.03.06	01:41:04.513	157.526	157.527			6
2026.03.06	01:41:04.814	157.527	157.528			6
2026.03.06	01:41:06.317	157.529	157.530			6
2026.03.06	01:41:06.917	157.527	157.528			6
2026.03.06	01:41:08.420	157.530	157.531			6
2026.03.06	01:41:08.719	157.528	157.529			6
2026.03.06	01:41:09.319	157.527	157.528			6
2026.03.06	01:41:10.220	157.524	157.531			6
2026.03.06	01:41:12.322	157.525				2
2026.03.06	01:41:12.922	157.524	157.530			6
2026.03.06	01:41:18.332	157.525				2
2026.03.06	01:41:24.346		157.529			4
2026.03.06	01:41:25.247	157.526	157.530			6
2026.03.06	01:41:30.357	157.527				2
2026.03.06	01:41:34.263		157.529			4
2026.03.06	01:41:35.469	157.535	157.537			6
2026.03.06	01:41:36.372	157.533	157.539			6
2026.03.06	01:41:41.188	157.534				2
2026.03.06	01:41:41.489	157.537	157.542			6
2026.03.06	01:41:42.089	157.536				2
2026.03.06	01:41:46.296		157.541			4
2026.03.06	01:41:51.102	157.537				2
2026.03.06	01:41:51.402	157.536	157.540			6
2026.03.06	01:41:51.701	157.531	157.535			6
2026.03.06	01:41:52.002	157.533	157.537			6
2026.03.06	01:41:52.303		157.538			4
2026.03.06	01:41:55.309		157.537			4
2026.03.06	01:41:58.312	157.534	157.538			6
2026.03.06	01:42:00.112	157.534	157.537			6
2026.03.06	01:42:01.616	157.535	157.538			6
2026.03.06	01:42:03.417	157.534	157.537			6
2026.03.06	01:42:04.318		157.536			4
2026.03.06	01:42:04.918	157.526	157.528			6
2026.03.06	01:42:05.218	157.527	157.529			6
2026.03.06	01:42:06.120	157.524	157.531			6
2026.03.06	01:42:09.123	157.525				2
2026.03.06	01:42:10.327	157.524	157.530			6
2026.03.06	01:42:10.627	157.525	157.529			6
2026.03.06	01:42:10.927	157.521	157.527			6
2026.03.06	01:42:11.227	157.522				2
2026.03.06	01:42:12.731		157.528			4
2026.03.06	01:42:16.634	157.524	157.530			6
2026.03.06	01:42:16.934	157.527	157.533			6
2026.03.06	01:42:17.237	157.528	157.534			6
2026.03.06	01:42:19.638	157.526	157.532			6
2026.03.06	01:42:19.939	157.525				2
2026.03.06	01:42:21.140	157.526				2
2026.03.06	01:42:22.642	157.525	157.530			6
2026.03.06	01:42:25.951	157.527	157.533			6
2026.03.06	01:42:28.956	157.526	157.532			6
2026.03.06	01:42:29.256	157.525	157.531			6
2026.03.06	01:42:32.269		157.530			4
2026.03.06	01:42:37.385	157.526				2
2026.03.06	01:42:38.586	157.528	157.532			6
2026.03.06	01:42:42.193	157.529				2
2026.03.06	01:42:46.102		157.531			4
2026.03.06	01:42:48.504	157.530	157.532			6
2026.03.06	01:42:51.208	157.531				2
2026.03.06	01:42:52.109	157.533	157.534			6
2026.03.06	01:43:00.216	157.533				2
2026.03.06	01:43:01.117	157.531	157.532			6
2026.03.06	01:43:06.225	157.530	157.531			6
2026.03.06	01:43:31.182	157.532	157.533			6
2026.03.06	01:43:31.485	157.533	157.534			6
2026.03.06	01:43:50.718	157.535	157.536			6
2026.03.06	01:44:00.029	157.535				2
2026.03.06	01:44:00.329	157.533	157.534			6
2026.03.06	01:44:05.734	157.534	157.535			6
2026.03.06	01:44:06.034	157.536	157.537			6
2026.03.06	01:44:07.236	157.538	157.539			6
2026.03.06	01:44:07.536	157.545	157.546			6
2026.03.06	01:44:08.136		157.547			4
2026.03.06	01:44:10.237		157.546			4
2026.03.06	01:44:29.776	157.546	157.547			6
2026.03.06	01:44:30.077	157.545	157.546			6
2026.03.06	01:44:46.310	157.533	157.534			6
2026.03.06	01:44:47.209	157.530	157.537			6
2026.03.06	01:44:47.812		157.538			4
2026.03.06	01:44:48.714	157.532	157.539			6
2026.03.06	01:44:50.214	157.531				2
2026.03.06	01:44:50.903	157.532				2
2026.03.06	01:44:54.810	157.527	157.532			6
2026.03.06	01:44:55.110	157.524	157.531			6
2026.03.06	01:44:55.710	157.523				2
2026.03.06	01:44:56.311		157.530			4
2026.03.06	01:44:56.612	157.522				2
2026.03.06	01:44:57.213		157.529			4
2026.03.06	01:44:57.513	157.510	157.517			6
2026.03.06	01:44:57.813	157.512	157.518			6
2026.03.06	01:44:58.413		157.519			4
2026.03.06	01:45:00.017	157.512				2
2026.03.06	01:45:04.169		157.518			4
2026.03.06	01:45:07.173	157.515	157.521			6
2026.03.06	01:45:07.473	157.516	157.522			6
2026.03.06	01:45:08.520		157.520			4
2026.03.06	01:45:08.820	157.514				2
2026.03.06	01:45:09.121	157.523	157.530			6
2026.03.06	01:45:09.423	157.522				2
2026.03.06	01:45:09.722		157.529			4
2026.03.06	01:45:12.626	157.523				2
2026.03.06	01:45:17.395	157.522				2
2026.03.06	01:45:17.696	157.523				2
2026.03.06	01:45:17.996	157.528	157.534			6
2026.03.06	01:45:19.498	157.526	157.531			6
2026.03.06	01:45:20.099	157.525	157.533			6
2026.03.06	01:45:20.399	157.528	157.534			6
2026.03.06	01:45:22.504	157.526				2
2026.03.06	01:45:22.803	157.528				2
2026.03.06	01:45:23.159	157.527				2
2026.03.06	01:45:26.033	157.528				2
2026.03.06	01:45:26.333	157.526	157.532			6
2026.03.06	01:45:26.634	157.525				2
2026.03.06	01:45:27.518	157.526				2
2026.03.06	01:45:27.818	157.523	157.529			6
2026.03.06	01:45:29.228	157.521				2
2026.03.06	01:45:31.306	157.522	157.530			6
2026.03.06	01:45:31.606	157.526				2
2026.03.06	01:45:32.208	157.525				2
2026.03.06	01:45:32.894	157.524				2
2026.03.06	01:45:33.195	157.523				2
2026.03.06	01:45:36.671	157.524				2
2026.03.06	01:45:37.577	157.522				2
2026.03.06	01:45:40.116	157.523				2
2026.03.06	01:45:40.716	157.522				2
2026.03.06	01:45:47.082		157.529			4
2026.03.06	01:45:49.187		157.530			4
2026.03.06	01:45:49.785		157.529			4
2026.03.06	01:45:52.188	157.523	157.530			6
2026.03.06	01:45:54.590	157.522	157.529			6
2026.03.06	01:45:55.193	157.521	157.528			6
2026.03.06	01:45:57.296	157.509	157.515			6
2026.03.06	01:45:58.197	157.508				2
2026.03.06	01:45:58.497	157.511	157.518			6
2026.03.06	01:46:00.294	157.512	157.519			6
2026.03.06	01:46:00.594	157.513	157.520			6
2026.03.06	01:46:01.197	157.514				2
2026.03.06	01:46:01.497	157.513				2
2026.03.06	01:46:02.097		157.519			4
2026.03.06	01:46:03.545	157.510				2
2026.03.06	01:46:04.151	157.509	157.518			6
2026.03.06	01:46:04.452		157.517			4
2026.03.06	01:46:15.930	157.510				2
2026.03.06	01:46:17.432	157.511				2
2026.03.06	01:46:17.732	157.510				2
2026.03.06	01:46:18.033	157.502	157.506			6
2026.03.06	01:46:18.333	157.500				2
2026.03.06	01:46:22.064	157.498	157.505			6
2026.03.06	01:46:23.616	157.497	157.503			6
2026.03.06	01:46:23.917	157.498	157.505			6
2026.03.06	01:46:27.076	157.496	157.504			6
2026.03.06	01:46:27.376	157.490	157.498			6
2026.03.06	01:46:27.676	157.488	157.494			6
2026.03.06	01:46:27.977	157.487				2
2026.03.06	01:46:35.436	157.488				2
2026.03.06	01:46:37.067	157.492	157.498			6
2026.03.06	01:46:37.368		157.499			4
2026.03.06	01:46:37.969	157.498				2
2026.03.06	01:46:38.269	157.495				2
2026.03.06	01:46:39.823	157.492				2
2026.03.06	01:46:44.577	157.490	157.497			6
2026.03.06	01:46:51.229	157.487	157.494			6
2026.03.06	01:46:59.001	157.488				2
2026.03.06	01:47:00.202	157.487				2
2026.03.06	01:47:01.403	157.480	157.484			6
2026.03.06	01:47:01.702	157.478	157.483			6
2026.03.06	01:47:02.306	157.480				2
2026.03.06	01:47:02.981	157.481	157.486			6
2026.03.06	01:47:03.281	157.480	157.487			6
2026.03.06	01:47:03.583	157.482	157.488			6
2026.03.06	01:47:03.884	157.483				2
2026.03.06	01:47:05.377	157.482				2
2026.03.06	01:47:07.411	157.483				2
2026.03.06	01:47:09.068		157.489			4
2026.03.06	01:47:26.305	157.484				2
2026.03.06	01:47:26.908	157.483	157.488			6
2026.03.06	01:47:29.609	157.482	157.483			6
2026.03.06	01:47:29.910	157.477	157.481			6
2026.03.06	01:47:31.109		157.482			4
2026.03.06	01:47:31.411		157.481			4
2026.03.06	01:47:32.611	157.476	157.480			6
2026.03.06	01:47:32.910	157.477	157.482			6
2026.03.06	01:47:33.512	157.476	157.480			6
2026.03.06	01:47:34.114	157.470	157.476			6
2026.03.06	01:47:34.413		157.475			4
2026.03.06	01:47:35.314	157.474	157.476			6
2026.03.06	01:47:35.614		157.479			4
2026.03.06	01:47:37.116	157.478	157.482			6
2026.03.06	01:47:37.416	157.477				2
2026.03.06	01:47:38.317		157.483			4
2026.03.06	01:47:38.617	157.476	157.482			6
2026.03.06	01:47:41.380		157.481			4
2026.03.06	01:47:41.680		157.482			4
2026.03.06	01:47:43.056	157.475	157.481			6
2026.03.06	01:47:44.419		157.480			4
2026.03.06	01:47:45.321		157.481			4
2026.03.06	01:47:45.623	157.476				2
2026.03.06	01:47:46.222	157.475				2
2026.03.06	01:47:47.445		157.480			4
2026.03.06	01:47:49.852		157.479			4
2026.03.06	01:47:58.281	157.480	157.483			6
2026.03.06	01:47:58.580	157.478				2
2026.03.06	01:47:59.480	157.479				2
2026.03.06	01:48:00.080	157.478				2
2026.03.06	01:48:00.382	157.488	157.491			6
2026.03.06	01:48:00.682	157.489	157.494			6
2026.03.06	01:48:00.982	157.490				2
2026.03.06	01:48:01.283		157.495			4
2026.03.06	01:48:03.093	157.489	157.494			6
2026.03.06	01:48:03.693	157.490	157.495			6
2026.03.06	01:48:06.695		157.496			4
2026.03.06	01:48:08.864		157.495			4
2026.03.06	01:48:09.464	157.489				2
2026.03.06	01:48:11.985	157.490				2
2026.03.06	01:48:12.888	157.491				2
2026.03.06	01:48:13.793	157.494	157.498			6
2026.03.06	01:48:14.535		157.499			4
2026.03.06	01:48:15.136		157.498			4
2026.03.06	01:48:20.247		157.499			4
2026.03.06	01:48:20.548		157.498			4
2026.03.06	01:48:22.353	157.495	157.499			6
2026.03.06	01:48:22.654	157.494				2
2026.03.06	01:48:25.962		157.498			4
2026.03.06	01:48:27.463	157.493	157.497			6
2026.03.06	01:48:28.366	157.492	157.496			6
2026.03.06	01:48:28.667	157.490	157.493			6
2026.03.06	01:48:28.966	157.489	157.492			6
2026.03.06	01:48:29.267		157.493			4
2026.03.06	01:48:29.867	157.490	157.494			6
2026.03.06	01:48:30.168	157.489	157.493			6
2026.03.06	01:48:32.569	157.490	157.494			6
2026.03.06	01:48:34.072		157.493			4
2026.03.06	01:48:40.687	157.491	157.494			6
2026.03.06	01:48:41.288		157.493			4
2026.03.06	01:48:42.792	157.490	157.492			6
2026.03.06	01:48:43.093	157.491	157.493			6
2026.03.06	01:48:43.993	157.490	157.492			6
2026.03.06	01:48:45.500	157.491	157.493			6
2026.03.06	01:48:46.401	157.492				2
2026.03.06	01:49:00.219	157.492				2
2026.03.06	01:49:00.520	157.491	157.492			6
2026.03.06	01:49:00.822	157.492	157.493			6
2026.03.06	01:49:06.230	157.493	157.494			6
2026.03.06	01:49:09.536	157.491	157.492			6
2026.03.06	01:49:19.454	157.492	157.493			6
2026.03.06	01:49:25.470	157.493	157.494			6
2026.03.06	01:49:27.879	157.502	157.503			6
2026.03.06	01:49:28.783	157.505	157.506			6
2026.03.06	01:49:29.084	157.506	157.507			6
2026.03.06	01:49:30.287	157.507	157.508			6
2026.03.06	01:49:30.586	157.506	157.507			6
2026.03.06	01:49:31.186	157.507	157.508			6
2026.03.06	01:49:34.494	157.506	157.507			6
2026.03.06	01:49:35.695	157.507	157.508			6
2026.03.06	01:49:36.899	157.506	157.507			6
2026.03.06	01:49:37.201	157.507	157.508			6
2026.03.06	01:49:49.824	157.508	157.509			6
2026.03.06	01:49:50.123	157.509	157.510			6
2026.03.06	01:49:56.135	157.506	157.507			6
2026.03.06	01:49:56.435	157.505	157.506			6
2026.03.06	01:49:57.336	157.504	157.505			6
2026.03.06	01:49:58.837	157.503	157.504			6
2026.03.06	01:49:59.137	157.492	157.493			6
2026.03.06	01:49:59.437	157.491	157.492			6
2026.03.06	01:49:59.737	157.492	157.493			6
2026.03.06	01:50:00.037	157.492				2
2026.03.06	01:50:00.337	157.490	157.495			6
2026.03.06	01:50:00.938	157.489	157.494			6
2026.03.06	01:50:01.538	157.490	157.495			6
2026.03.06	01:50:03.343	157.489	157.493			6
2026.03.06	01:50:03.942		157.494			4
2026.03.06	01:50:04.623		157.493			4
2026.03.06	01:50:05.525	157.488				2
2026.03.06	01:50:06.125	157.489				2
2026.03.06	01:50:07.025		157.492			4
2026.03.06	01:50:07.326	157.491	157.495			6
2026.03.06	01:50:07.626	157.490	157.494			6
2026.03.06	01:50:07.929	157.491	157.495			6
2026.03.06	01:50:09.131	157.490	157.494			6
2026.03.06	01:50:10.032	157.491	157.495			6
2026.03.06	01:50:12.133		157.494			4
2026.03.06	01:50:17.245		157.493			4
2026.03.06	01:50:17.545	157.492	157.494			6
2026.03.06	01:50:18.147	157.491	157.493			6
2026.03.06	01:50:19.951	157.485	157.487			6
2026.03.06	01:50:20.253	157.483				2
2026.03.06	01:50:22.660	157.485	157.489			6
2026.03.06	01:50:22.960	157.478	157.482			6
2026.03.06	01:50:23.261		157.481			4
2026.03.06	01:50:23.861	157.476	157.479			6
2026.03.06	01:50:24.162	157.475	157.480			6
2026.03.06	01:50:24.761	157.478	157.482			6
2026.03.06	01:50:25.061	157.483	157.487			6
2026.03.06	01:50:25.963	157.485	157.490			6
2026.03.06	01:50:26.264		157.491			4
2026.03.06	01:50:27.102		157.490			4
2026.03.06	01:50:28.904	157.486				2
2026.03.06	01:50:29.205	157.489	157.494			6
2026.03.06	01:50:30.106	157.490	157.495			6
2026.03.06	01:50:30.406		157.496			4
2026.03.06	01:50:30.708		157.495			4
2026.03.06	01:50:31.309		157.496			4
2026.03.06	01:50:34.780	157.491				2
2026.03.06	01:50:38.391		157.494			4
2026.03.06	01:50:38.692	157.488	157.492			6
2026.03.06	01:50:39.893		157.493			4
2026.03.06	01:50:43.196		157.492			4
2026.03.06	01:50:46.501	157.489	157.493			6
2026.03.06	01:50:47.402	157.490				2
2026.03.06	01:50:52.209		157.492			4
2026.03.06	01:50:52.510	157.489				2
2026.03.06	01:50:53.109	157.490				2
2026.03.06	01:50:54.312	157.491	157.493			6
2026.03.06	01:50:54.611	157.492	157.494			6
2026.03.06	01:50:56.715	157.491	157.493			6
2026.03.06	01:50:57.616	157.492	157.494			6
2026.03.06	01:50:57.917	157.491	157.493			6
2026.03.06	01:50:59.117	157.490	157.492			6
2026.03.06	01:51:00.018	157.490				2
2026.03.06	01:51:00.317	157.491				2
2026.03.06	01:51:00.920	157.490	157.491			6
2026.03.06	01:51:01.520	157.491	157.492			6
2026.03.06	01:51:02.422	157.490	157.491			6
2026.03.06	01:51:03.626	157.491	157.492			6
2026.03.06	01:51:07.532	157.490	157.491			6
2026.03.06	01:51:07.833	157.491	157.492			6
2026.03.06	01:51:09.936	157.490	157.491			6
2026.03.06	01:51:10.536	157.491	157.492			6
2026.03.06	01:51:10.836	157.490	157.491			6
2026.03.06	01:51:11.137	157.491	157.492			6
2026.03.06	01:51:22.264	157.490	157.491			6
2026.03.06	01:51:24.970	157.491	157.492			6
2026.03.06	01:51:26.775	157.490	157.491			6
2026.03.06	01:51:29.180	157.491	157.492			6
2026.03.06	01:51:30.684	157.490	157.491			6
2026.03.06	01:51:30.985	157.491	157.492			6
2026.03.06	01:51:31.892	157.490	157.491			6
2026.03.06	01:51:32.193	157.484	157.485			6
2026.03.06	01:51:34.301	157.483	157.484			6
2026.03.06	01:51:37.008	157.485	157.486			6
2026.03.06	01:51:37.307	157.487	157.488			6
2026.03.06	01:51:37.608	157.488	157.489			6
2026.03.06	01:51:37.905	157.487	157.488			6
2026.03.06	01:51:38.205	157.488	157.489			6
2026.03.06	01:51:39.709	157.487	157.488			6
2026.03.06	01:51:40.611	157.485	157.486			6
2026.03.06	01:51:40.909	157.484	157.485			6
2026.03.06	01:51:42.113	157.485	157.486			6
2026.03.06	01:51:43.312	157.491	157.492			6
2026.03.06	01:51:45.113	157.490	157.491			6
2026.03.06	01:51:47.817	157.491	157.492			6
2026.03.06	01:51:49.919	157.492	157.493			6
2026.03.06	01:51:50.520	157.491	157.492			6
2026.03.06	01:51:50.821	157.492	157.493			6
2026.03.06	01:51:52.021	157.491	157.492			6
2026.03.06	01:51:52.925	157.492	157.493			6
2026.03.06	01:52:00.138	157.492				2
2026.03.06	01:52:00.439	157.503	157.504			6
2026.03.06	01:52:00.737	157.504	157.505			6
2026.03.06	01:52:01.338	157.502	157.508			6
2026.03.06	01:52:01.638	157.496	157.501			6
2026.03.06	01:52:01.939	157.497	157.502			6
2026.03.06	01:52:02.840		157.503			4
2026.03.06	01:52:03.141	157.496	157.502			6
2026.03.06	01:52:03.740	157.493	157.499			6
2026.03.06	01:52:04.341		157.498			4
2026.03.06	01:52:07.545	157.491				2
2026.03.06	01:52:09.019	157.493				2
2026.03.06	01:52:09.320		157.499			4
2026.03.06	01:52:09.920		157.498			4
2026.03.06	01:52:10.220		157.499			4
2026.03.06	01:52:11.122		157.498			4
2026.03.06	01:52:11.422		157.499			4
2026.03.06	01:52:12.022		157.498			4
2026.03.06	01:52:12.623	157.503	157.507			6
2026.03.06	01:52:13.225		157.508			4
2026.03.06	01:52:17.593	157.501	157.506			6
2026.03.06	01:52:17.893	157.502	157.508			6
2026.03.06	01:52:18.193		157.507			4
2026.03.06	01:52:19.396	157.501				2
2026.03.06	01:52:26.391	157.504	157.508			6
2026.03.06	01:52:27.272	157.503				2
2026.03.06	01:52:28.798	157.504				2
2026.03.06	01:52:31.410	157.503				2
2026.03.06	01:52:31.709	157.504	157.510			6
2026.03.06	01:52:32.009	157.506	157.511			6
2026.03.06	01:52:32.310	157.504	157.509			6
2026.03.06	01:52:33.649	157.502	157.508			6
2026.03.06	01:52:34.252		157.507			4
2026.03.06	01:52:34.854	157.501				2
2026.03.06	01:52:37.049	157.504	157.509			6
2026.03.06	01:52:37.346	157.505	157.510			6
2026.03.06	01:52:43.066	157.504	157.508			6
2026.03.06	01:52:43.367	157.503	157.507			6
2026.03.06	01:52:43.667	157.502	157.506			6
2026.03.06	01:52:43.966	157.501	157.505			6
2026.03.06	01:52:44.269	157.502	157.506			6
2026.03.06	01:52:45.473	157.503	157.507			6
2026.03.06	01:52:47.281	157.502	157.506			6
2026.03.06	01:52:49.685	157.503	157.507			6
2026.03.06	01:52:50.286		157.506			4
2026.03.06	01:52:54.193	157.504				2
2026.03.06	01:52:57.198		157.505			4
2026.03.06	01:53:00.205	157.504				2
2026.03.06	01:53:08.316	157.503	157.504			6
2026.03.06	01:53:08.615	157.504	157.505			6
2026.03.06	01:53:16.730	157.505	157.506			6
2026.03.06	01:53:17.629	157.507	157.508			6
2026.03.06	01:53:25.137	157.505	157.506			6
2026.03.06	01:53:26.639	157.504	157.505			6
2026.03.06	01:53:29.643	157.505	157.506			6
2026.03.06	01:53:29.943	157.504	157.505			6
2026.03.06	01:53:33.556	157.506	157.507			6
2026.03.06	01:53:33.857	157.507	157.508			6
2026.03.06	01:53:44.975	157.505	157.506			6
2026.03.06	01:53:45.275	157.504	157.505			6
2026.03.06	01:53:45.576	157.505	157.506			6
2026.03.06	01:53:47.981	157.504	157.505			6
2026.03.06	01:53:49.182	157.502	157.503			6
2026.03.06	01:54:00.000	157.502				2
2026.03.06	01:54:01.503	157.504	157.505			6
2026.03.06	01:54:05.709	157.503	157.504			6
2026.03.06	01:54:06.008	157.501	157.502			6
2026.03.06	01:54:08.710	157.500	157.501			6
2026.03.06	01:54:09.009	157.501	157.502			6
2026.03.06	01:54:09.910	157.504	157.505			6
2026.03.06	01:54:12.911	157.505	157.506			6
2026.03.06	01:54:14.713	157.504	157.505			6
2026.03.06	01:54:24.927	157.502	157.503			6
2026.03.06	01:54:25.225	157.501	157.502			6
2026.03.06	01:54:31.533	157.500	157.501			6
2026.03.06	01:54:32.433	157.501	157.502			6
2026.03.06	01:54:32.735	157.502	157.503			6
2026.03.06	01:54:33.335	157.501	157.502			6
2026.03.06	01:54:35.138	157.502	157.503			6
2026.03.06	01:54:38.146	157.501	157.502			6
2026.03.06	01:54:38.447	157.502	157.503			6
2026.03.06	01:54:59.799	157.503	157.504			6
2026.03.06	01:55:00.100	157.503				2
2026.03.06	01:55:00.700	157.502	157.503			6
2026.03.06	01:55:02.803	157.501	157.502			6
2026.03.06	01:55:04.003	157.502	157.503			6
2026.03.06	01:55:05.505	157.501	157.502			6
2026.03.06	01:55:06.106	157.502	157.503			6
2026.03.06	01:55:11.811	157.501	157.502			6
2026.03.06	01:55:17.214	157.500	157.501			6
2026.03.06	01:55:17.815	157.503	157.504			6
2026.03.06	01:55:25.623	157.504	157.505			6
2026.03.06	01:55:34.335	157.503	157.504			6
2026.03.06	01:55:36.436	157.504	157.505			6
2026.03.06	01:55:49.366	157.505	157.506			6
2026.03.06	01:55:49.666	157.507	157.508			6
2026.03.06	01:55:55.686	157.514	157.515			6
2026.03.06	01:55:55.986	157.515	157.516			6
2026.03.06	01:55:57.192	157.514	157.515			6
