<DATE>	<TIME>	<BID>	<ASK>	<LAST>	<VOLUME>	<FLAGS>
2026.02.18	00:03:30.551	153.261	153.327			6
2026.02.18	00:03:49.719	153.199	153.276			6
2026.02.18	00:04:00.237	153.199				2
2026.02.18	00:04:09.834	153.192	153.272			6
2026.02.18	00:04:11.079	153.196				2
2026.02.18	00:04:11.703		153.270			4
2026.02.18	00:04:13.565	153.206	153.265			6
2026.02.18	00:04:14.792	153.210				2
2026.02.18	00:04:16.020		153.264			4
2026.02.18	00:04:16.639	153.211				2
2026.02.18	00:04:24.376	153.226	153.270			6
2026.02.18	00:04:29.356		153.271			4
2026.02.18	00:04:35.557		153.270			4
2026.02.18	00:04:39.893	153.218				2
2026.02.18	00:04:42.364		153.271			4
2026.02.18	00:04:42.975	153.219	153.248			6
2026.02.18	00:04:43.907		153.247			4
2026.02.18	00:04:44.836	153.227				2
2026.02.18	00:05:00.294	153.242				2
2026.02.18	00:05:00.603		153.248			4
2026.02.18	00:05:04.330	153.182				2
2026.02.18	00:05:04.953	153.229				2
2026.02.18	00:05:42.965		153.251			4
2026.02.18	00:05:58.974		153.249			4
2026.02.18	00:05:59.586		153.248			4
2026.02.18	00:06:00.202	153.229	153.246			6
2026.02.18	00:06:08.548	153.230	153.262			6
2026.02.18	00:06:08.855		153.263			4
2026.02.18	00:06:09.471	153.246				2
2026.02.18	00:06:10.395		153.282			4
2026.02.18	00:06:10.708	153.250				2
2026.02.18	00:06:11.629		153.263			4
2026.02.18	00:06:13.794	153.232				2
2026.02.18	00:06:14.098		153.247			4
2026.02.18	00:06:33.282		153.248			4
2026.02.18	00:06:34.515		153.264			4
2026.02.18	00:06:35.773		153.247			4
2026.02.18	00:07:00.253	153.232				2
2026.02.18	00:07:01.181		153.249			4
2026.02.18	00:07:13.940		153.251			4
2026.02.18	00:07:48.876		153.250			4
2026.02.18	00:08:00.296	153.232				2
2026.02.18	00:08:08.959		153.248			4
2026.02.18	00:08:13.883		153.251			4
2026.02.18	00:08:16.961		153.250			4
2026.02.18	00:08:22.221		153.249			4
2026.02.18	00:08:27.451		153.248			4
2026.02.18	00:08:49.995		153.247			4
2026.02.18	00:08:53.089		153.246			4
2026.02.18	00:08:54.010		153.248			4
2026.02.18	00:08:57.715		153.247			4
2026.02.18	00:09:00.193	153.232	153.246			6
2026.02.18	00:09:00.808		153.256			4
2026.02.18	00:09:01.428	153.243				2
2026.02.18	00:09:02.365	153.247				2
2026.02.18	00:09:03.591		153.257			4
2026.02.18	00:09:26.508		153.256			4
2026.02.18	00:09:31.440		153.257			4
2026.02.18	00:09:34.208		153.256			4
2026.02.18	00:09:52.758	153.244	153.246			6
2026.02.18	00:09:53.066	153.240	153.241			6
2026.02.18	00:09:59.554	153.238	153.239			6
2026.02.18	00:10:00.180	153.238				2
2026.02.18	00:10:01.728	153.239	153.240			6
2026.02.18	00:10:03.585	153.203	153.234			6
2026.02.18	00:10:04.508	153.239	153.240			6
2026.02.18	00:10:11.279	153.219	153.234			6
2026.02.18	00:10:12.818	153.168				2
2026.02.18	00:10:32.827	153.169	153.235			6
2026.02.18	00:10:34.368	153.172	153.238			6
2026.02.18	00:10:45.199	153.174	153.240			6
2026.02.18	00:10:49.824	153.173	153.239			6
2026.02.18	00:10:50.131	153.174	153.240			6
2026.02.18	00:11:00.012	153.174				2
2026.02.18	00:11:06.487	153.238				2
2026.02.18	00:11:08.024		153.239			4
2026.02.18	00:11:10.193		153.240			4
2026.02.18	00:11:12.366	153.174				2
2026.02.18	00:11:13.285	153.238				2
2026.02.18	00:11:15.135		153.239			4
2026.02.18	00:11:18.226		153.240			4
2026.02.18	00:11:19.459	153.229				2
2026.02.18	00:11:19.766		153.239			4
2026.02.18	00:11:23.487		153.235			4
2026.02.18	00:11:24.715	153.169				2
2026.02.18	00:11:25.633	153.229				2
2026.02.18	00:11:28.712		153.236			4
2026.02.18	00:11:29.332	153.210	153.250			6
2026.02.18	00:11:29.640		153.260			4
2026.02.18	00:11:30.871	153.189				2
2026.02.18	00:11:31.793	153.210				2
2026.02.18	00:11:34.874		153.259			4
2026.02.18	00:11:37.023	153.189				2
2026.02.18	00:11:37.948	153.210				2
2026.02.18	00:11:38.254	153.204				2
2026.02.18	00:11:38.871	153.211				2
2026.02.18	00:11:49.332		153.258			4
2026.02.18	00:11:51.176	153.217	153.247			6
2026.02.18	00:11:51.481		153.241			4
2026.02.18	00:11:52.406	153.225				2
2026.02.18	00:12:00.111	153.225				2
2026.02.18	00:12:15.195	153.238				2
2026.02.18	00:12:18.896		153.242			4
2026.02.18	00:12:46.008	153.227				2
2026.02.18	00:12:56.462		153.243			4
2026.02.18	00:12:58.294		153.242			4
2026.02.18	00:12:59.829		153.243			4
2026.02.18	00:13:00.134	153.227	153.242			6
2026.02.18	00:13:26.264	153.239				2
2026.02.18	00:13:26.574	153.224	153.255			6
2026.02.18	00:13:26.876		153.258			4
2026.02.18	00:13:30.894	153.217	153.266			6
2026.02.18	00:13:31.200		153.268			4
2026.02.18	00:13:32.733		153.269			4
2026.02.18	00:13:41.635		153.270			4
2026.02.18	00:13:44.711		153.269			4
2026.02.18	00:13:46.559		153.268			4
2026.02.18	00:13:52.080		153.269			4
2026.02.18	00:13:57.007	153.209				2
2026.02.18	00:14:00.096	153.209				2
2026.02.18	00:14:19.624		153.270			4
2026.02.18	00:14:22.718		153.269			4
2026.02.18	00:14:27.980		153.268			4
2026.02.18	00:14:30.767		153.269			4
2026.02.18	00:14:31.083		153.271			4
2026.02.18	00:14:51.465	153.219				2
2026.02.18	00:14:53.309		153.272			4
2026.02.18	00:15:00.059	153.219				2
2026.02.18	00:15:00.367		153.276			4
2026.02.18	00:15:00.674		153.278			4
2026.02.18	00:15:01.284		153.277			4
2026.02.18	00:15:01.597		153.275			4
2026.02.18	00:15:03.756		153.276			4
2026.02.18	00:15:06.518		153.277			4
2026.02.18	00:15:15.420		153.280			4
2026.02.18	00:15:22.217	153.209				2
2026.02.18	00:15:26.840		153.274			4
2026.02.18	00:15:27.461		153.276			4
2026.02.18	00:15:28.379	153.220				2
2026.02.18	00:15:35.169		153.279			4
2026.02.18	00:15:35.478		153.280			4
2026.02.18	00:15:48.997		153.279			4
2026.02.18	00:15:59.764	153.209				2
2026.02.18	00:16:00.069	153.209				2
2026.02.18	00:16:07.129	153.220				2
2026.02.18	00:16:07.432		153.276			4
2026.02.18	00:16:08.051		153.275			4
2026.02.18	00:16:08.361		153.273			4
2026.02.18	00:16:38.336	153.209				2
2026.02.18	00:16:38.956	153.196				2
2026.02.18	00:16:39.574	153.209				2
2026.02.18	00:17:00.237	153.209				2
2026.02.18	00:17:01.491		153.271			4
2026.02.18	00:17:08.079		153.274			4
2026.02.18	00:17:37.456		153.275			4
2026.02.18	00:17:39.961	153.220				2
2026.02.18	00:18:00.251	153.220	153.274			6
2026.02.18	00:18:03.063		153.273			4
2026.02.18	00:18:10.873	153.209				2
2026.02.18	00:18:13.701		153.275			4
2026.02.18	00:18:30.305		153.276			4
2026.02.18	00:18:30.622		153.277			4
2026.02.18	00:18:48.420	153.220				2
2026.02.18	00:19:00.253	153.220	153.276			6
2026.02.18	00:19:19.322	153.210				2
2026.02.18	00:19:32.724	153.221				2
2026.02.18	00:19:37.741		153.277			4
2026.02.18	00:19:44.299		153.276			4
2026.02.18	00:19:59.516		153.275			4
2026.02.18	00:20:00.138	153.221	153.276			6
2026.02.18	00:20:00.445		153.300			4
2026.02.18	00:20:03.887	153.210				2
2026.02.18	00:20:11.305	153.208	153.307			6
2026.02.18	00:20:11.613		153.314			4
2026.02.18	00:20:16.577	153.203				2
2026.02.18	00:20:16.879	153.197	153.317			6
2026.02.18	00:20:18.144	153.208				2
2026.02.18	00:20:48.923	153.197				2
2026.02.18	00:21:00.135	153.197				2
2026.02.18	00:21:17.173		153.317			4
2026.02.18	00:21:22.417	153.208	153.318			6
2026.02.18	00:21:48.794		153.319			4
2026.02.18	00:21:53.447	153.197				2
2026.02.18	00:22:00.293	153.197				2
2026.02.18	00:22:01.538		153.314			4
2026.02.18	00:22:17.692		153.319			4
2026.02.18	00:22:20.781		153.320			4
2026.02.18	00:22:30.719		153.318			4
2026.02.18	00:22:36.937		153.320			4
2026.02.18	00:22:38.164		153.319			4
2026.02.18	00:22:40.017		153.320			4
2026.02.18	00:22:51.202		153.322			4
2026.02.18	00:22:53.053		153.323			4
2026.02.18	00:22:53.359		153.322			4
2026.02.18	00:22:53.675	153.208				2
2026.02.18	00:23:00.192	153.208				2
2026.02.18	00:23:17.188		153.320			4
2026.02.18	00:23:17.495		153.325			4
2026.02.18	00:23:36.977	153.214	153.326			6
2026.02.18	00:23:37.280		153.322			4
2026.02.18	00:23:58.076	153.205				2
2026.02.18	00:24:00.254	153.205				2
2026.02.18	00:24:26.608		153.326			4
2026.02.18	00:24:34.062		153.325			4
2026.02.18	00:24:36.218	153.215				2
2026.02.18	00:24:37.151		153.326			4
2026.02.18	00:24:39.934		153.325			4
2026.02.18	00:24:40.243		153.326			4
2026.02.18	00:25:00.060	153.215				2
2026.02.18	00:25:07.491	153.205				2
2026.02.18	00:25:33.160	153.210	153.312			6
2026.02.18	00:25:34.080	153.218				2
2026.02.18	00:25:41.803		153.309			4
2026.02.18	00:25:52.285	153.231				2
2026.02.18	00:26:00.013	153.231				2
2026.02.18	00:26:02.795		153.317			4
2026.02.18	00:26:06.227		153.309			4
2026.02.18	00:26:09.939		153.311			4
2026.02.18	00:26:14.277		153.315			4
2026.02.18	00:26:22.934	153.220				2
2026.02.18	00:26:31.942		153.314			4
2026.02.18	00:26:38.720		153.298			4
2026.02.18	00:26:41.798		153.312			4
2026.02.18	00:27:00.026	153.220				2
2026.02.18	00:27:00.648	153.215	153.309			6
2026.02.18	00:27:00.952		153.303			4
2026.02.18	00:27:19.452	153.226				2
2026.02.18	00:27:22.535		153.300			4
2026.02.18	00:27:49.055		153.303			4
2026.02.18	00:27:49.363		153.300			4
2026.02.18	00:27:50.904	153.215				2
2026.02.18	00:27:54.909		153.293			4
2026.02.18	00:27:55.215		153.294			4
2026.02.18	00:27:59.247	153.226				2
2026.02.18	00:27:59.558		153.303			4
2026.02.18	00:28:00.173	153.226				2
2026.02.18	00:28:12.277		153.300			4
2026.02.18	00:28:13.204		153.298			4
2026.02.18	00:28:15.981		153.301			4
2026.02.18	00:28:18.147		153.303			4
2026.02.18	00:28:26.196		153.300			4
2026.02.18	00:28:29.926	153.215				2
2026.02.18	00:28:38.303	153.226				2
2026.02.18	00:29:00.018	153.226				2
2026.02.18	00:29:01.252		153.304			4
2026.02.18	00:29:09.349	153.212				2
2026.02.18	00:29:18.008		153.307			4
2026.02.18	00:29:20.799		153.309			4
2026.02.18	00:29:26.394	153.226				2
2026.02.18	00:29:50.526	153.248	153.312			6
2026.02.18	00:29:55.781	153.226	153.302			6
2026.02.18	00:29:56.708	153.212				2
2026.02.18	00:30:00.122	153.212				2
2026.02.18	00:30:00.432	153.213				2
2026.02.18	00:30:00.737	153.215				2
2026.02.18	00:30:02.896	153.214				2
2026.02.18	00:30:04.152	153.213				2
2026.02.18	00:30:04.458	153.216				2
2026.02.18	00:30:06.008	153.212				2
2026.02.18	00:30:16.497		153.301			4
2026.02.18	00:30:18.351	153.226	153.308			6
2026.02.18	00:30:18.658		153.301			4
2026.02.18	00:30:18.974		153.308			4
2026.02.18	00:30:19.277		153.302			4
2026.02.18	00:30:19.899		153.308			4
2026.02.18	00:30:20.201		153.303			4
2026.02.18	00:30:35.141		153.300			4
2026.02.18	00:30:49.143	153.212				2
2026.02.18	00:31:00.310	153.212				2
2026.02.18	00:31:02.796	153.218				2
2026.02.18	00:31:03.105		153.301			4
2026.02.18	00:31:03.416		153.300			4
2026.02.18	00:31:12.317	153.219				2
2026.02.18	00:31:18.128	153.220				2
2026.02.18	00:31:31.635	153.219				2
2026.02.18	00:31:31.944	153.216				2
2026.02.18	00:31:36.885	153.226				2
2026.02.18	00:31:41.207		153.299			4
2026.02.18	00:31:41.513		153.301			4
2026.02.18	00:31:41.820		153.300			4
2026.02.18	00:32:00.046	153.226				2
2026.02.18	00:32:07.790	153.214				2
2026.02.18	00:32:09.019	153.224				2
2026.02.18	00:32:09.334	153.223	153.301			6
2026.02.18	00:32:14.584	153.225	153.300			6
2026.02.18	00:32:20.758	153.226				2
2026.02.18	00:32:22.611		153.299			4
2026.02.18	00:32:26.312		153.298			4
2026.02.18	00:32:33.407	153.225				2
2026.02.18	00:32:45.414	153.226				2
2026.02.18	00:32:46.031	153.225				2
2026.02.18	00:32:53.743		153.297			4
2026.02.18	00:32:56.528	153.226				2
2026.02.18	00:33:00.243	153.226				2
2026.02.18	00:33:03.656	153.227				2
2026.02.18	00:33:07.059		153.296			4
2026.02.18	00:33:09.525	153.226				2
2026.02.18	00:33:20.324		153.295			4
2026.02.18	00:33:25.562		153.296			4
2026.02.18	00:33:28.934	153.225				2
2026.02.18	00:33:31.082		153.295			4
2026.02.18	00:33:41.571	153.227	153.293			6
2026.02.18	00:33:55.796	153.226	153.295			6
2026.02.18	00:33:56.103	153.225	153.301			6
2026.02.18	00:33:58.268		153.298			4
2026.02.18	00:33:58.580		153.301			4
2026.02.18	00:34:00.123	153.225				2
2026.02.18	00:34:00.735		153.294			4
2026.02.18	00:34:03.826		153.293			4
2026.02.18	00:34:04.754		153.294			4
2026.02.18	00:34:17.107	153.224				2
2026.02.18	00:34:26.076	153.223				2
2026.02.18	00:34:36.296	153.225				2
2026.02.18	00:34:44.030		153.293			4
2026.02.18	00:34:56.088	153.226	153.292			6
2026.02.18	00:34:58.252	153.225	153.293			6
2026.02.18	00:34:58.566		153.296			4
2026.02.18	00:34:58.872		153.297			4
2026.02.18	00:35:00.102	153.225	153.292			6
2026.02.18	00:35:00.408		153.298			4
2026.02.18	00:35:00.719		153.294			4
2026.02.18	00:35:07.214	153.224				2
2026.02.18	00:35:09.377	153.223	153.293			6
2026.02.18	00:35:09.681	153.224				2
2026.02.18	00:35:10.605		153.297			4
2026.02.18	00:35:13.681	153.225				2
2026.02.18	00:35:13.990		153.294			4
2026.02.18	00:35:14.296	153.223	153.297			6
2026.02.18	00:35:14.606	153.224				2
2026.02.18	00:35:16.450		153.290			4
2026.02.18	00:35:18.310		153.295			4
2026.02.18	00:35:20.788	153.225				2
2026.02.18	00:35:21.404	153.226	153.292			6
2026.02.18	00:35:21.708	153.225	153.294			6
2026.02.18	00:35:22.631	153.227	153.292			6
2026.02.18	00:35:24.180		153.293			4
2026.02.18	00:35:26.663	153.226	153.292			6
2026.02.18	00:35:26.968	153.213	153.298			6
2026.02.18	00:35:27.272	153.227	153.289			6
2026.02.18	00:35:27.586		153.292			4
2026.02.18	00:35:27.890		153.293			4
2026.02.18	00:35:30.676		153.292			4
2026.02.18	00:35:32.853	153.217	153.294			6
2026.02.18	00:35:33.164	153.223	153.300			6
2026.02.18	00:35:33.472		153.306			4
2026.02.18	00:35:35.635		153.305			4
2026.02.18	00:35:37.488		153.307			4
2026.02.18	00:35:37.796	153.220	153.306			6
2026.02.18	00:35:39.030	153.221				2
2026.02.18	00:35:41.500	153.222	153.298			6
2026.02.18	00:35:41.820	153.223	153.302			6
2026.02.18	00:35:43.686		153.305			4
2026.02.18	00:35:45.549	153.224	153.296			6
2026.02.18	00:35:50.206		153.295			4
2026.02.18	00:35:50.516	153.225				2
2026.02.18	00:35:54.218		153.303			4
2026.02.18	00:35:54.826		153.304			4
2026.02.18	00:35:55.128		153.306			4
2026.02.18	00:35:55.433		153.307			4
2026.02.18	00:35:56.061		153.306			4
2026.02.18	00:36:00.084	153.225				2
2026.02.18	00:36:00.710		153.304			4
2026.02.18	00:36:01.027		153.306			4
2026.02.18	00:36:01.638		153.304			4
2026.02.18	00:36:03.828		153.301			4
2026.02.18	00:36:04.133		153.303			4
2026.02.18	00:36:05.371	153.226	153.296			6
2026.02.18	00:36:05.677	153.225	153.299			6
2026.02.18	00:36:09.092		153.298			4
2026.02.18	00:36:13.738		153.303			4
2026.02.18	00:36:15.900		153.305			4
2026.02.18	00:36:17.761		153.303			4
2026.02.18	00:36:18.067		153.300			4
2026.02.18	00:36:20.532		153.303			4
2026.02.18	00:36:20.838		153.297			4
2026.02.18	00:36:21.143	153.227	153.295			6
2026.02.18	00:36:21.764		153.293			4
2026.02.18	00:36:22.075	153.221	153.297			6
2026.02.18	00:36:22.994	153.222	153.298			6
2026.02.18	00:36:23.303	153.223	153.302			6
2026.02.18	00:36:23.921		153.301			4
2026.02.18	00:36:24.226	153.220	153.304			6
2026.02.18	00:36:24.534	153.217				2
2026.02.18	00:36:25.461	153.218				2
2026.02.18	00:36:27.001	153.221				2
2026.02.18	00:36:31.023	153.217				2
2026.02.18	00:36:34.743	153.218	153.298			6
2026.02.18	00:36:35.359	153.225	153.299			6
2026.02.18	00:36:37.507		153.297			4
2026.02.18	00:36:38.738	153.224	153.298			6
2026.02.18	00:36:39.361	153.227				2
2026.02.18	00:36:43.379		153.297			4
2026.02.18	00:36:44.304	153.229				2
2026.02.18	00:36:45.865		153.298			4
2026.02.18	00:36:47.413		153.300			4
2026.02.18	00:36:48.651	153.230				2
2026.02.18	00:36:50.217	153.232				2
2026.02.18	00:36:53.308	153.231	153.297			6
2026.02.18	00:36:59.207	153.233				2
2026.02.18	00:37:00.135	153.233				2
2026.02.18	00:37:00.748	153.236	153.296			6
2026.02.18	00:37:01.372	153.238	153.298			6
2026.02.18	00:37:01.678	153.239	153.299			6
2026.02.18	00:37:02.295	153.237	153.303			6
2026.02.18	00:37:02.607	153.238				2
2026.02.18	00:37:03.529	153.237	153.308			6
2026.02.18	00:37:04.452		153.307			4
2026.02.18	00:37:05.687		153.304			4
2026.02.18	00:37:06.308	153.240				2
2026.02.18	00:37:08.785		153.303			4
2026.02.18	00:37:10.329		153.304			4
2026.02.18	00:37:10.948	153.241				2
2026.02.18	00:37:11.875	153.242				2
2026.02.18	00:37:13.109	153.241				2
2026.02.18	00:37:15.587	153.242				2
2026.02.18	00:37:17.451		153.305			4
2026.02.18	00:37:17.762		153.308			4
2026.02.18	00:37:18.996		153.305			4
2026.02.18	00:37:25.798		153.304			4
2026.02.18	00:37:27.645	153.243				2
2026.02.18	00:37:27.946	153.246	153.306			6
2026.02.18	00:37:28.264	153.243	153.304			6
2026.02.18	00:37:30.126	153.245				2
2026.02.18	00:37:31.665	153.246				2
2026.02.18	00:37:31.972	153.245				2
2026.02.18	00:37:34.441	153.247				2
2026.02.18	00:37:35.367	153.248	153.302			6
2026.02.18	00:37:35.677	153.247				2
2026.02.18	00:37:37.223	153.245	153.306			6
2026.02.18	00:37:37.839		153.305			4
2026.02.18	00:37:39.689	153.244				2
2026.02.18	00:37:41.537	153.246	153.304			6
2026.02.18	00:37:49.289	153.245				2
2026.02.18	00:37:50.852		153.305			4
2026.02.18	00:37:51.780	153.244	153.304			6
2026.02.18	00:37:53.022	153.245				2
2026.02.18	00:37:54.866	153.246				2
2026.02.18	00:37:57.034	153.248				2
2026.02.18	00:37:57.339	153.250				2
2026.02.18	00:37:57.642	153.248	153.306			6
2026.02.18	00:37:58.585		153.304			4
2026.02.18	00:37:59.810		153.303			4
2026.02.18	00:38:00.120	153.248	153.306			6
2026.02.18	00:38:00.426		153.302			4
2026.02.18	00:38:00.733	153.249				2
2026.02.18	00:38:01.656		153.301			4
2026.02.18	00:38:03.203		153.302			4
2026.02.18	00:38:04.765	153.250				2
2026.02.18	00:38:05.394		153.303			4
2026.02.18	00:38:05.706	153.251	153.302			6
2026.02.18	00:38:06.319		153.306			4
2026.02.18	00:38:07.558	153.250				2
2026.02.18	00:38:08.486		153.305			4
2026.02.18	00:38:09.415		153.308			4
2026.02.18	00:38:11.580	153.249	153.305			6
2026.02.18	00:38:17.471	153.252	153.308			6
2026.02.18	00:38:17.786	153.251				2
2026.02.18	00:38:18.092	153.252	153.307			6
2026.02.18	00:38:19.940	153.251	153.304			6
2026.02.18	00:38:20.252		153.307			4
2026.02.18	00:38:23.039	153.252				2
2026.02.18	00:38:30.459		153.302			4
2026.02.18	00:38:30.772	153.251	153.301			6
2026.02.18	00:38:32.330	153.253	153.306			6
2026.02.18	00:38:35.117	153.252	153.301			6
2026.02.18	00:38:35.435		153.306			4
2026.02.18	00:38:35.745		153.308			4
2026.02.18	00:38:36.053	153.253				2
2026.02.18	00:38:36.370		153.304			4
2026.02.18	00:38:37.319	153.252	153.303			6
2026.02.18	00:38:37.621		153.307			4
2026.02.18	00:38:37.938	153.253				2
2026.02.18	00:38:38.556		153.303			4
2026.02.18	00:38:39.481		153.307			4
2026.02.18	00:38:44.452		153.306			4
2026.02.18	00:38:45.698	153.252				2
2026.02.18	00:38:46.319		153.307			4
2026.02.18	00:38:55.959		153.306			4
2026.02.18	00:39:00.306	153.252				2
2026.02.18	00:39:06.817		153.302			4
2026.02.18	00:39:08.352		153.305			4
2026.02.18	00:39:10.818		153.301			4
2026.02.18	00:39:11.126	153.251				2
2026.02.18	00:39:12.668		153.302			4
2026.02.18	00:39:17.299	153.252	153.306			6
2026.02.18	00:39:19.151	153.253				2
2026.02.18	00:39:19.461		153.305			4
2026.02.18	00:39:22.241	153.252	153.304			6
2026.02.18	00:39:25.333	153.232	153.290			6
2026.02.18	00:39:25.645	153.230	153.286			6
2026.02.18	00:39:26.271	153.229				2
2026.02.18	00:39:26.884		153.288			4
2026.02.18	00:39:27.200	153.238	153.286			6
2026.02.18	00:39:27.507	153.239	153.284			6
2026.02.18	00:39:28.130	153.242	153.290			6
2026.02.18	00:39:29.367	153.239	153.285			6
2026.02.18	00:39:29.670		153.284			4
2026.02.18	00:39:33.082	153.242	153.293			6
2026.02.18	00:39:33.394	153.243				2
2026.02.18	00:39:33.704	153.242				2
2026.02.18	00:39:36.808		153.291			4
2026.02.18	00:39:38.977		153.290			4
2026.02.18	00:39:40.830		153.289			4
2026.02.18	00:39:43.609		153.288			4
2026.02.18	00:39:46.398	153.239	153.289			6
2026.02.18	00:39:47.958	153.240	153.288			6
2026.02.18	00:39:48.267	153.238	153.283			6
2026.02.18	00:39:48.587		153.280			4
2026.02.18	00:39:51.377	153.239				2
2026.02.18	00:39:54.188	153.238	153.279			6
2026.02.18	00:39:54.802		153.281			4
2026.02.18	00:39:55.105		153.278			4
2026.02.18	00:39:56.358		153.280			4
2026.02.18	00:39:57.892		153.278			4
2026.02.18	00:39:58.198	153.240	153.287			6
2026.02.18	00:40:00.053	153.240	153.289			6
2026.02.18	00:40:00.667	153.241	153.291			6
2026.02.18	00:40:03.138	153.238	153.282			6
2026.02.18	00:40:03.760		153.283			4
2026.02.18	00:40:04.366	153.237	153.281			6
2026.02.18	00:40:08.697		153.280			4
2026.02.18	00:40:09.017		153.282			4
2026.02.18	00:40:09.318	153.238	153.280			6
2026.02.18	00:40:09.943	153.239				2
2026.02.18	00:40:10.869		153.281			4
2026.02.18	00:40:12.109		153.280			4
2026.02.18	00:40:13.343	153.238				2
2026.02.18	00:40:13.658	153.240	153.287			6
2026.02.18	00:40:15.218		153.285			4
2026.02.18	00:40:17.383		153.288			4
2026.02.18	00:40:17.999		153.289			4
2026.02.18	00:40:18.304	153.238	153.281			6
2026.02.18	00:40:19.563		153.282			4
2026.02.18	00:40:22.043		153.280			4
2026.02.18	00:40:23.914		153.281			4
2026.02.18	00:40:27.324		153.279			4
2026.02.18	00:40:28.242	153.233	153.284			6
2026.02.18	00:40:28.866		153.285			4
2026.02.18	00:40:33.187		153.277			4
2026.02.18	00:40:33.503		153.279			4
2026.02.18	00:40:37.217		153.277			4
2026.02.18	00:40:41.556		153.289			4
2026.02.18	00:40:43.110		153.276			4
2026.02.18	00:40:45.608		153.284			4
2026.02.18	00:40:47.460		153.283			4
2026.02.18	00:40:48.080		153.277			4
2026.02.18	00:40:49.645	153.226				2
2026.02.18	00:40:58.339		153.282			4
2026.02.18	00:41:00.199	153.226				2
2026.02.18	00:41:02.360	153.233				2
2026.02.18	00:41:03.292		153.277			4
2026.02.18	00:41:05.164		153.286			4
2026.02.18	00:41:13.252		153.281			4
2026.02.18	00:41:14.491		153.282			4
2026.02.18	00:41:18.501		153.283			4
2026.02.18	00:41:19.750		153.282			4
2026.02.18	00:41:34.989	153.226				2
2026.02.18	00:41:37.793	153.233				2
2026.02.18	00:41:45.254		153.281			4
2026.02.18	00:42:00.064	153.233				2
2026.02.18	00:42:06.571	153.226				2
2026.02.18	00:42:15.608		153.274			4
2026.02.18	00:42:18.079		153.275			4
2026.02.18	00:42:20.263		153.284			4
2026.02.18	00:42:22.422		153.285			4
2026.02.18	00:42:28.311		153.278			4
2026.02.18	00:42:28.619		153.283			4
2026.02.18	00:42:33.264	153.228	153.277			6
2026.02.18	00:42:43.218	153.233	153.280			6
2026.02.18	00:42:43.535		153.271			4
2026.02.18	00:42:43.842		153.270			4
2026.02.18	00:42:44.144		153.275			4
2026.02.18	00:42:50.352		153.273			4
2026.02.18	00:42:50.659		153.288			4
2026.02.18	00:42:50.964		153.276			4
2026.02.18	00:42:53.140		153.283			4
2026.02.18	00:42:54.392		153.282			4
2026.02.18	00:42:55.956		153.281			4
2026.02.18	00:42:59.085		153.278			4
2026.02.18	00:43:00.029	153.233				2
2026.02.18	00:43:00.955		153.277			4
2026.02.18	00:43:05.947		153.276			4
2026.02.18	00:43:10.315		153.274			4
2026.02.18	00:43:10.620		153.279			4
2026.02.18	00:43:13.751	153.227				2
2026.02.18	00:43:15.619		153.282			4
2026.02.18	00:43:15.936	153.233	153.281			6
2026.02.18	00:43:16.242		153.278			4
2026.02.18	00:43:18.426		153.270			4
2026.02.18	00:43:18.733		153.276			4
2026.02.18	00:43:19.664		153.277			4
2026.02.18	00:43:23.714		153.276			4
2026.02.18	00:43:24.955	153.225				2
2026.02.18	00:43:25.575	153.233	153.282			6
2026.02.18	00:43:27.449		153.283			4
2026.02.18	00:43:28.998		153.277			4
2026.02.18	00:43:30.552		153.279			4
2026.02.18	00:43:33.652		153.277			4
2026.02.18	00:43:40.181		153.276			4
2026.02.18	00:43:42.654		153.277			4
2026.02.18	00:43:45.139		153.278			4
2026.02.18	00:43:46.382	153.215	153.281			6
2026.02.18	00:43:46.994	153.216	153.282			6
2026.02.18	00:43:47.305	153.228	153.278			6
2026.02.18	00:43:48.235		153.279			4
2026.02.18	00:43:48.544	153.224	153.277			6
2026.02.18	00:43:49.473	153.226	153.282			6
2026.02.18	00:43:51.956		153.283			4
2026.02.18	00:43:54.786	153.228	153.284			6
2026.02.18	00:43:55.098		153.283			4
2026.02.18	00:43:58.805		153.278			4
2026.02.18	00:44:00.042	153.228				2
2026.02.18	00:44:03.452	153.226	153.271			6
2026.02.18	00:44:03.762		153.274			4
2026.02.18	00:44:04.075	153.227	153.275			6
2026.02.18	00:44:05.009		153.274			4
2026.02.18	00:44:10.576		153.276			4
2026.02.18	00:44:10.880		153.274			4
2026.02.18	00:44:13.668		153.277			4
2026.02.18	00:44:16.758	153.233				2
2026.02.18	00:44:18.618		153.275			4
2026.02.18	00:44:26.340		153.276			4
2026.02.18	00:44:31.266		153.277			4
2026.02.18	00:44:33.727		153.276			4
2026.02.18	00:44:35.575		153.277			4
2026.02.18	00:44:41.135		153.276			4
2026.02.18	00:44:43.917		153.278			4
2026.02.18	00:44:44.219		153.277			4
2026.02.18	00:44:47.618	153.229				2
2026.02.18	00:44:48.544	153.227	153.275			6
2026.02.18	00:44:55.685		153.285			4
2026.02.18	00:44:55.993	153.226	153.277			6
2026.02.18	00:45:00.044	153.226				2
2026.02.18	00:45:03.139	153.218	153.284			6
2026.02.18	00:45:05.612	153.219	153.285			6
2026.02.18	00:45:06.233	153.218	153.284			6
2026.02.18	00:45:06.847	153.228	153.276			6
2026.02.18	00:45:15.303	153.227	153.278			6
2026.02.18	00:45:15.876		153.274			4
2026.02.18	00:45:16.232		153.275			4
2026.02.18	00:45:20.476	153.226				2
2026.02.18	00:45:20.806		153.273			4
2026.02.18	00:45:22.606		153.280			4
2026.02.18	00:45:30.065	153.227	153.278			6
2026.02.18	00:45:31.167	153.226	153.274			6
2026.02.18	00:45:35.732		153.273			4
2026.02.18	00:45:39.409	153.240	153.264			6
2026.02.18	00:45:40.917		153.265			4
2026.02.18	00:45:41.224		153.264			4
2026.02.18	00:45:42.730		153.263			4
2026.02.18	00:45:46.170	153.230	153.270			6
2026.02.18	00:45:46.964		153.265			4
2026.02.18	00:45:48.119	153.232	153.278			6
2026.02.18	00:45:51.831	153.233	153.281			6
2026.02.18	00:45:52.140		153.276			4
2026.02.18	00:45:54.616	153.232	153.270			6
2026.02.18	00:46:00.173	153.232				2
2026.02.18	00:46:00.788		153.273			4
2026.02.18	00:46:06.348	153.234	153.274			6
2026.02.18	00:46:11.598	153.232	153.271			6
2026.02.18	00:46:21.498	153.235	153.273			6
2026.02.18	00:46:22.735	153.234				2
2026.02.18	00:46:24.589		153.272			4
2026.02.18	00:46:25.519	153.235	153.273			6
2026.02.18	00:46:26.753	153.233	153.272			6
2026.02.18	00:46:32.018		153.271			4
2026.02.18	00:46:36.367		153.272			4
2026.02.18	00:46:39.469	153.234	153.273			6
2026.02.18	00:46:41.018		153.277			4
2026.02.18	00:46:41.320	153.233	153.273			6
2026.02.18	00:46:41.948	153.234	153.274			6
2026.02.18	00:46:46.281	153.235	153.277			6
2026.02.18	00:46:47.527	153.236	153.276			6
2026.02.18	00:46:50.609	153.235				2
2026.02.18	00:46:50.925		153.279			4
2026.02.18	00:46:51.537		153.277			4
2026.02.18	00:46:51.854		153.275			4
2026.02.18	00:46:56.188	153.234				2
2026.02.18	00:46:56.808		153.277			4
2026.02.18	00:47:00.208	153.234				2
2026.02.18	00:47:02.988		153.300			4
2026.02.18	00:47:06.710		153.274			4
2026.02.18	00:47:07.335		153.276			4
2026.02.18	00:47:11.385	153.235	153.277			6
2026.02.18	00:47:11.690	153.236				2
2026.02.18	00:47:20.665	153.234	153.276			6
2026.02.18	00:47:21.588		153.275			4
2026.02.18	00:47:22.831		153.276			4
2026.02.18	00:47:24.998		153.275			4
2026.02.18	00:47:25.316		153.274			4
2026.02.18	00:47:25.942	153.232	153.272			6
2026.02.18	00:47:27.810	153.233	153.270			6
2026.02.18	00:47:28.751		153.271			4
2026.02.18	00:47:29.370	153.235	153.275			6
2026.02.18	00:47:29.678	153.234				2
2026.02.18	00:47:30.604	153.235				2
2026.02.18	00:47:31.535	153.234				2
2026.02.18	00:47:36.215		153.276			4
2026.02.18	00:47:36.852		153.274			4
2026.02.18	00:47:37.473		153.278			4
2026.02.18	00:47:37.778	153.235				2
2026.02.18	00:47:38.402		153.276			4
2026.02.18	00:47:39.024	153.234				2
2026.02.18	00:47:40.892		153.275			4
2026.02.18	00:47:43.400		153.274			4
2026.02.18	00:47:44.344	153.235	153.277			6
2026.02.18	00:47:44.660	153.234	153.276			6
2026.02.18	00:47:45.588		153.275			4
2026.02.18	00:47:46.224		153.274			4
2026.02.18	00:47:47.469		153.273			4
2026.02.18	00:47:49.016		153.274			4
2026.02.18	00:47:51.537	153.235				2
2026.02.18	00:47:53.417	153.234	153.273			6
2026.02.18	00:47:55.574	153.233	153.274			6
2026.02.18	00:47:55.884	153.232				2
2026.02.18	00:47:56.195	153.231	153.273			6
2026.02.18	00:47:57.757		153.272			4
2026.02.18	00:48:00.269	153.231				2
2026.02.18	00:48:01.197	153.233				2
2026.02.18	00:48:06.165	153.232	153.273			6
2026.02.18	00:48:21.283	153.234				2
2026.02.18	00:48:22.847		153.274			4
2026.02.18	00:48:26.260		153.275			4
2026.02.18	00:48:27.183		153.274			4
2026.02.18	00:48:28.420		153.273			4
2026.02.18	00:48:32.143	153.232				2
2026.02.18	00:48:33.384	153.233	153.272			6
2026.02.18	00:48:33.691	153.234	153.273			6
2026.02.18	00:48:34.620	153.235				2
2026.02.18	00:48:39.281		153.274			4
2026.02.18	00:48:40.521	153.234				2
2026.02.18	00:48:40.836	153.233	153.272			6
2026.02.18	00:48:46.401	153.234	153.273			6
2026.02.18	00:48:48.259		153.274			4
2026.02.18	00:49:00.055	153.234				2
2026.02.18	00:49:00.365		153.275			4
2026.02.18	00:49:06.578		153.272			4
2026.02.18	00:49:07.815		153.273			4
2026.02.18	00:49:08.744		153.274			4
2026.02.18	00:49:09.364		153.275			4
2026.02.18	00:49:10.295		153.276			4
2026.02.18	00:49:11.223	153.235				2
2026.02.18	00:49:14.026	153.234	153.273			6
2026.02.18	00:49:15.565	153.233				2
2026.02.18	00:49:21.495	153.234				2
2026.02.18	00:49:22.734	153.236	153.275			6
2026.02.18	00:49:23.042	153.235				2
2026.02.18	00:49:23.365	153.236	153.274			6
2026.02.18	00:49:24.284	153.235	153.275			6
2026.02.18	00:49:25.845	153.236				2
2026.02.18	00:49:26.152		153.276			4
2026.02.18	00:49:46.307	153.235	153.275			6
2026.02.18	00:49:47.547	153.234				2
2026.02.18	00:49:48.782		153.274			4
2026.02.18	00:49:55.587	153.236				2
2026.02.18	00:49:56.511	153.234				2
2026.02.18	00:49:58.358	153.235				2
2026.02.18	00:49:59.594		153.275			4
2026.02.18	00:50:00.209	153.235				2
2026.02.18	00:50:00.526	153.233	153.274			6
2026.02.18	00:50:00.833	153.235	153.272			6
2026.02.18	00:50:01.761		153.273			4
2026.02.18	00:50:04.232	153.234	153.272			6
2026.02.18	00:50:07.626	153.235				2
2026.02.18	00:50:16.885	153.259	153.286			6
2026.02.18	00:50:18.981		153.295			4
2026.02.18	00:50:19.294		153.298			4
2026.02.18	00:50:19.598		153.296			4
2026.02.18	00:50:25.489	153.243	153.309			6
2026.02.18	00:50:26.426	153.259	153.296			6
2026.02.18	00:50:27.356		153.292			4
2026.02.18	00:50:28.918		153.293			4
2026.02.18	00:50:32.056	153.244				2
2026.02.18	00:50:50.334	153.243	153.294			6
2026.02.18	00:50:52.621	153.242	153.295			6
2026.02.18	00:50:57.385		153.294			4
2026.02.18	00:51:00.118	153.242				2
2026.02.18	00:51:01.420		153.293			4
2026.02.18	00:51:02.353		153.294			4
2026.02.18	00:51:07.064		153.292			4
2026.02.18	00:51:17.820		153.293			4
2026.02.18	00:51:21.418		153.292			4
2026.02.18	00:51:25.638		153.284			4
2026.02.18	00:51:30.985	153.259				2
2026.02.18	00:51:35.635		153.292			4
2026.02.18	00:51:35.988		153.291			4
2026.02.18	00:51:37.927		153.292			4
2026.02.18	00:51:43.659		153.293			4
2026.02.18	00:51:47.988		153.292			4
2026.02.18	00:51:53.817		153.291			4
2026.02.18	00:52:00.476	153.259				2
2026.02.18	00:52:01.923	153.243				2
2026.02.18	00:52:03.411	153.244				2
2026.02.18	00:52:10.192	153.243				2
2026.02.18	00:52:12.612		153.309			4
2026.02.18	00:52:13.547		153.291			4
2026.02.18	00:52:14.647	153.244				2
2026.02.18	00:52:15.577	153.243	153.285			6
2026.02.18	00:52:19.291	153.245	153.289			6
2026.02.18	00:52:19.609	153.244				2
2026.02.18	00:52:24.544	153.245	153.292			6
2026.02.18	00:52:27.013		153.290			4
2026.02.18	00:52:28.926	153.246				2
2026.02.18	00:52:30.419		153.291			4
2026.02.18	00:52:31.924	153.245				2
2026.02.18	00:52:39.121	153.246	153.290			6
2026.02.18	00:52:41.989	153.245	153.291			6
2026.02.18	00:52:42.360		153.288			4
2026.02.18	00:52:50.049	153.259				2
2026.02.18	00:52:55.633		153.286			4
2026.02.18	00:52:57.988		153.287			4
2026.02.18	00:53:00.474	153.259				2
2026.02.18	00:53:04.319		153.288			4
2026.02.18	00:53:05.639		153.295			4
2026.02.18	00:53:10.790		153.294			4
2026.02.18	00:53:11.935		153.295			4
2026.02.18	00:53:15.022		153.293			4
2026.02.18	00:53:16.991		153.298			4
2026.02.18	00:53:18.417		153.297			4
2026.02.18	00:53:19.824	153.246	153.312			6
2026.02.18	00:53:20.749	153.259	153.297			6
2026.02.18	00:53:21.190	153.247				2
2026.02.18	00:53:25.639		153.288			4
2026.02.18	00:53:27.520	153.244	153.287			6
2026.02.18	00:53:28.759		153.286			4
2026.02.18	00:53:32.155	153.246	153.287			6
2026.02.18	00:53:35.519	153.248	153.295			6
2026.02.18	00:53:45.641		153.294			4
2026.02.18	00:53:47.521		153.293			4
2026.02.18	00:53:52.021	153.249				2
2026.02.18	00:53:57.145		153.290			4
2026.02.18	00:54:00.474	153.246	153.291			6
2026.02.18	00:54:00.778	153.247	153.287			6
2026.02.18	00:54:05.640	153.248	153.295			6
2026.02.18	00:54:06.719		153.294			4
2026.02.18	00:54:12.119	153.249				2
2026.02.18	00:54:13.942	153.259				2
2026.02.18	00:54:16.318		153.293			4
2026.02.18	00:54:17.518		153.294			4
2026.02.18	00:54:22.624		153.293			4
2026.02.18	00:54:40.789		153.289			4
2026.02.18	00:54:44.227	153.250				2
2026.02.18	00:54:45.639	153.245	153.288			6
2026.02.18	00:54:45.997		153.289			4
2026.02.18	00:54:54.206		153.288			4
2026.02.18	00:54:55.633	153.249	153.294			6
2026.02.18	00:54:56.819		153.293			4
2026.02.18	00:55:00.437	153.250				2
2026.02.18	00:55:01.620		153.292			4
2026.02.18	00:55:04.999	153.251				2
2026.02.18	00:55:05.649	153.250				2
2026.02.18	00:55:06.998	153.251				2
2026.02.18	00:55:08.219		153.291			4
2026.02.18	00:55:09.289		153.294			4
2026.02.18	00:55:10.813		153.291			4
2026.02.18	00:55:11.190	153.259				2
2026.02.18	00:55:13.620	153.255				2
2026.02.18	00:55:14.376	153.259				2
2026.02.18	00:55:15.417		153.290			4
2026.02.18	00:55:16.126	153.255				2
2026.02.18	00:55:16.878	153.259				2
2026.02.18	00:55:19.018		153.289			4
2026.02.18	00:55:30.776		153.283			4
2026.02.18	00:55:31.116		153.282			4
2026.02.18	00:55:32.917		153.283			4
2026.02.18	00:55:37.494		153.284			4
2026.02.18	00:55:42.209	153.242				2
2026.02.18	00:55:45.717		153.285			4
2026.02.18	00:55:47.820	153.246	153.289			6
2026.02.18	00:55:49.392	153.247				2
2026.02.18	00:55:54.609		153.288			4
2026.02.18	00:55:58.509		153.289			4
2026.02.18	00:55:59.289	153.248	153.288			6
2026.02.18	00:56:00.865	153.248				2
2026.02.18	00:56:07.018		153.287			4
2026.02.18	00:56:09.289	153.246				2
2026.02.18	00:56:25.633	153.242				2
2026.02.18	00:56:27.681	153.259				2
2026.02.18	00:56:32.061		153.288			4
2026.02.18	00:56:37.281		153.289			4
2026.02.18	00:56:52.992		153.290			4
2026.02.18	00:56:58.447	153.246				2
2026.02.18	00:57:00.863	153.246				2
2026.02.18	00:57:04.335	153.247	153.288			6
2026.02.18	00:57:08.506	153.246	153.289			6
2026.02.18	00:57:09.286	153.247	153.288			6
2026.02.18	00:57:14.118		153.290			4
2026.02.18	00:57:15.467	153.241	153.286			6
2026.02.18	00:57:17.517		153.285			4
2026.02.18	00:57:18.908	153.246	153.289			6
2026.02.18	00:57:26.526		153.288			4
2026.02.18	00:57:28.918		153.289			4
2026.02.18	00:57:30.026		153.287			4
2026.02.18	00:57:30.370	153.259	153.286			6
2026.02.18	00:57:31.918		153.287			4
2026.02.18	00:57:43.309		153.288			4
2026.02.18	00:57:44.563		153.287			4
2026.02.18	00:57:45.004		153.288			4
2026.02.18	00:57:52.003		153.292			4
2026.02.18	00:57:55.637		153.287			4
2026.02.18	00:57:57.008		153.286			4
2026.02.18	00:58:00.034	153.259				2
2026.02.18	00:58:00.928	153.245				2
2026.02.18	00:58:01.944	153.244				2
2026.02.18	00:58:07.919	153.245				2
2026.02.18	00:58:14.175	153.244				2
2026.02.18	00:58:14.982	153.243	153.287			6
2026.02.18	00:58:17.219		153.288			4
2026.02.18	00:58:20.219		153.287			4
2026.02.18	00:58:22.322		153.288			4
2026.02.18	00:58:27.263		153.289			4
2026.02.18	00:58:30.685	153.245				2
2026.02.18	00:58:30.995	153.259				2
2026.02.18	00:58:36.476	153.245				2
2026.02.18	00:58:37.085	153.259				2
2026.02.18	00:58:45.640		153.287			4
2026.02.18	00:58:46.265		153.288			4
2026.02.18	00:58:47.009		153.287			4
2026.02.18	00:58:49.398		153.288			4
2026.02.18	00:58:49.893		153.290			4
2026.02.18	00:58:57.419		153.291			4
2026.02.18	00:58:59.015		153.289			4
2026.02.18	00:59:00.011	153.259				2
2026.02.18	00:59:01.014		153.290			4
2026.02.18	00:59:01.675	153.245				2
2026.02.18	00:59:03.561	153.244				2
2026.02.18	00:59:05.124		153.291			4
2026.02.18	00:59:07.319		153.290			4
2026.02.18	00:59:09.216	153.246				2
2026.02.18	00:59:10.785	153.249	153.291			6
2026.02.18	00:59:12.723		153.290			4
2026.02.18	00:59:14.227	153.246				2
2026.02.18	00:59:15.719		153.291			4
2026.02.18	00:59:22.617	153.245				2
2026.02.18	00:59:24.720	153.246				2
2026.02.18	00:59:26.220	153.245				2
2026.02.18	00:59:26.625	153.246	153.290			6
2026.02.18	00:59:27.169	153.245	153.291			6
2026.02.18	00:59:28.652	153.259	153.298			6
2026.02.18	00:59:31.321		153.299			4
2026.02.18	00:59:34.167		153.298			4
2026.02.18	00:59:39.658		153.300			4
2026.02.18	00:59:47.385		153.299			4
2026.02.18	00:59:48.032		153.301			4
2026.02.18	00:59:48.884		153.300			4
2026.02.18	00:59:50.915		153.299			4
2026.02.18	00:59:58.527		153.303			4
2026.02.18	01:00:00.243	153.279	153.284			6
2026.02.18	01:00:00.800	153.259	153.296			6
2026.02.18	01:00:01.175	153.262				2
2026.02.18	01:00:02.140	153.241				2
2026.02.18	01:00:03.130	153.253	153.295			6
2026.02.18	01:00:03.434	153.242				2
2026.02.18	01:00:03.837	153.228	153.301			6
2026.02.18	01:00:04.152	153.225	153.302			6
2026.02.18	01:00:05.697	153.226				2
2026.02.18	01:00:06.018	153.232	153.298			6
2026.02.18	01:00:07.576	153.246	153.288			6
2026.02.18	01:00:09.080	153.253				2
2026.02.18	01:00:09.539	153.254				2
2026.02.18	01:00:10.476	153.253				2
2026.02.18	01:00:11.751	153.251	153.280			6
2026.02.18	01:00:12.059	153.248	153.269			6
2026.02.18	01:00:14.718	153.259				2
2026.02.18	01:00:21.137		153.266			4
2026.02.18	01:00:21.443		153.263			4
2026.02.18	01:00:21.749		153.260			4
2026.02.18	01:00:22.262	153.231	153.285			6
2026.02.18	01:00:22.574	153.228	153.289			6
2026.02.18	01:00:23.209	153.259	153.260			6
2026.02.18	01:00:32.534		153.268			4
2026.02.18	01:00:45.588	153.243				2
2026.02.18	01:00:47.395	153.241	153.263			6
2026.02.18	01:00:51.718		153.260			4
2026.02.18	01:00:57.199		153.276			4
2026.02.18	01:01:00.306	153.254	153.255			6
2026.02.18	01:01:01.228	153.253	153.254			6
2026.02.18	01:01:01.532	153.254	153.255			6
2026.02.18	01:01:02.455	153.253	153.254			6
2026.02.18	01:01:03.367	153.252	153.253			6
2026.02.18	01:01:05.497	153.254	153.255			6
2026.02.18	01:01:06.423	153.253	153.254			6
2026.02.18	01:01:10.110	153.254	153.255			6
2026.02.18	01:01:11.340	153.253	153.254			6
2026.02.18	01:01:13.479	153.254	153.255			6
2026.02.18	01:01:14.095	153.252	153.253			6
2026.02.18	01:01:17.795	153.253	153.254			6
2026.02.18	01:01:22.101	153.242	153.268			6
2026.02.18	01:01:22.480	153.240	153.263			6
2026.02.18	01:01:22.781	153.253	153.254			6
2026.02.18	01:01:23.390	153.252				2
2026.02.18	01:01:24.617	153.251	153.253			6
2026.02.18	01:01:25.541	153.254	153.268			6
2026.02.18	01:01:32.052		153.255			4
2026.02.18	01:01:32.363	153.253	153.254			6
2026.02.18	01:01:35.443	153.252	153.253			6
2026.02.18	01:01:41.276		153.273			4
2026.02.18	01:01:42.205		153.255			4
2026.02.18	01:01:43.748		153.254			4
2026.02.18	01:01:47.110		153.253			4
2026.02.18	01:01:51.998	153.253	153.254			6
2026.02.18	01:01:52.309	153.252	153.253			6
2026.02.18	01:01:53.236		153.255			4
2026.02.18	01:01:55.996	153.249				2
2026.02.18	01:01:57.225		153.254			4
2026.02.18	01:01:58.151	153.250				2
2026.02.18	01:02:00.304	153.250	153.253			6
2026.02.18	01:02:01.229		153.252			4
2026.02.18	01:02:02.156	153.251				2
2026.02.18	01:02:07.997	153.250	153.251			6
2026.02.18	01:02:10.163	153.251	153.252			6
2026.02.18	01:02:12.922	153.250	153.251			6
2026.02.18	01:02:19.652	153.251	153.252			6
2026.02.18	01:02:23.334	153.250	153.251			6
2026.02.18	01:02:33.183	153.251	153.252			6
2026.02.18	01:02:35.331	153.250	153.251			6
2026.02.18	01:02:35.641	153.251	153.252			6
2026.02.18	01:02:36.258	153.250	153.251			6
2026.02.18	01:02:44.231	153.249	153.250			6
2026.02.18	01:02:45.772	153.250	153.251			6
2026.02.18	01:02:51.285	153.251	153.252			6
2026.02.18	01:02:53.135	153.252	153.253			6
2026.02.18	01:02:55.271	153.248	153.252			6
2026.02.18	01:02:55.888	153.252	153.253			6
2026.02.18	01:02:58.341	153.251	153.252			6
2026.02.18	01:03:00.175	153.252	153.253			6
2026.02.18	01:03:05.383	153.253	153.254			6
2026.02.18	01:03:05.997	153.252	153.253			6
2026.02.18	01:03:10.914	153.253	153.254			6
2026.02.18	01:03:14.586	153.252	153.253			6
2026.02.18	01:03:15.508	153.253	153.254			6
2026.02.18	01:03:25.367	153.254	153.255			6
2026.02.18	01:03:29.046	153.253	153.254			6
2026.02.18	01:03:40.708	153.254	153.255			6
2026.02.18	01:03:41.015	153.253	153.254			6
2026.02.18	01:03:48.349	153.254	153.255			6
2026.02.18	01:03:48.964	153.253	153.254			6
2026.02.18	01:03:52.051	153.252	153.253			6
2026.02.18	01:03:53.601	153.253	153.254			6
2026.02.18	01:03:55.433	153.252	153.253			6
2026.02.18	01:03:58.192	153.253	153.254			6
2026.02.18	01:03:59.117	153.252				2
2026.02.18	01:04:00.035	153.252				2
2026.02.18	01:04:00.336	153.251	153.253			6
2026.02.18	01:04:02.178	153.252				2
2026.02.18	01:04:05.553	153.253	153.254			6
2026.02.18	01:04:08.014	153.252	153.253			6
2026.02.18	01:04:11.709	153.253	153.254			6
2026.02.18	01:04:12.625	153.252	153.253			6
2026.02.18	01:04:13.239	153.253	153.254			6
2026.02.18	01:04:13.851	153.252	153.253			6
2026.02.18	01:04:16.929	153.253	153.254			6
2026.02.18	01:04:17.234	153.254	153.255			6
2026.02.18	01:04:18.152	153.253	153.254			6
2026.02.18	01:04:19.376	153.254	153.255			6
2026.02.18	01:04:19.681	153.253	153.254			6
2026.02.18	01:04:20.302	153.249	153.258			6
2026.02.18	01:04:20.606	153.248	153.257			6
2026.02.18	01:04:21.247	153.249				2
2026.02.18	01:04:23.115		153.256			4
2026.02.18	01:04:24.360	153.250				2
2026.02.18	01:04:24.980	153.249	153.255			6
2026.02.18	01:04:26.227	153.250				2
2026.02.18	01:04:28.097		153.254			4
2026.02.18	01:04:29.335	153.251				2
2026.02.18	01:04:31.217		153.253			4
2026.02.18	01:04:32.144	153.252				2
2026.02.18	01:04:34.296	153.253	153.254			6
2026.02.18	01:04:34.608	153.252	153.253			6
2026.02.18	01:04:35.227	153.251	153.252			6
2026.02.18	01:04:35.535	153.252	153.253			6
2026.02.18	01:04:37.986	153.250	153.251			6
2026.02.18	01:04:38.295	153.249	153.253			6
2026.02.18	01:04:40.158		153.252			4
2026.02.18	01:04:41.416	153.248				2
2026.02.18	01:04:42.342	153.249				2
2026.02.18	01:04:44.202	153.250				2
2026.02.18	01:04:44.829	153.246	153.248			6
2026.02.18	01:04:45.139	153.242				2
2026.02.18	01:04:47.310	153.243				2
2026.02.18	01:04:53.268	153.244				2
2026.02.18	01:04:56.399	153.245				2
2026.02.18	01:04:59.170	153.246				2
2026.02.18	01:05:00.100	153.244	153.246			6
2026.02.18	01:05:01.328		153.247			4
2026.02.18	01:05:02.249	153.243	153.246			6
2026.02.18	01:05:03.182	153.244				2
2026.02.18	01:05:05.328		153.245			4
2026.02.18	01:05:08.385	153.245	153.246			6
2026.02.18	01:05:13.591	153.246	153.247			6
2026.02.18	01:05:16.974	153.245	153.246			6
2026.02.18	01:05:17.278	153.247	153.248			6
2026.02.18	01:05:17.894	153.246	153.247			6
2026.02.18	01:05:27.121	153.245	153.246			6
2026.02.18	01:05:28.039	153.246	153.247			6
2026.02.18	01:05:28.643	153.245	153.246			6
2026.02.18	01:05:30.489	153.244	153.245			6
2026.02.18	01:05:32.355	153.243	153.244			6
2026.02.18	01:05:32.972	153.244	153.245			6
2026.02.18	01:05:36.358	153.239	153.240			6
2026.02.18	01:05:36.660	153.238	153.239			6
2026.02.18	01:05:36.975	153.239	153.240			6
2026.02.18	01:05:37.275	153.236	153.238			6
2026.02.18	01:05:37.578		153.237			4
2026.02.18	01:05:38.808		153.238			4
2026.02.18	01:05:42.208	153.237				2
2026.02.18	01:05:44.395	153.238	153.239			6
2026.02.18	01:05:45.311		153.240			4
2026.02.18	01:05:45.626	153.240	153.245			6
2026.02.18	01:05:45.930		153.242			4
2026.02.18	01:05:46.245		153.241			4
2026.02.18	01:05:46.547	153.239				2
2026.02.18	01:05:46.865	153.238				2
2026.02.18	01:05:47.170	153.237				2
2026.02.18	01:05:48.717	153.238				2
2026.02.18	01:05:52.318	153.239				2
2026.02.18	01:05:52.625	153.238				2
2026.02.18	01:05:52.999	153.239				2
2026.02.18	01:05:54.228	153.240				2
2026.02.18	01:06:00.044	153.240				2
2026.02.18	01:06:11.066	153.239	153.240			6
2026.02.18	01:06:11.370	153.240	153.241			6
2026.02.18	01:06:13.519	153.239	153.240			6
2026.02.18	01:06:16.303	153.240	153.241			6
2026.02.18	01:06:17.851	153.238	153.239			6
2026.02.18	01:06:18.162	153.236	153.237			6
2026.02.18	01:06:19.388	153.233	153.240			6
2026.02.18	01:06:20.323		153.239			4
2026.02.18	01:06:20.955	153.234	153.240			6
2026.02.18	01:06:22.204	153.235				2
2026.02.18	01:06:23.125		153.239			4
2026.02.18	01:06:24.369	153.236				2
2026.02.18	01:06:24.995	153.235	153.238			6
2026.02.18	01:06:25.303		153.237			4
2026.02.18	01:06:25.605	153.242	153.244			6
2026.02.18	01:06:25.914	153.240	153.242			6
2026.02.18	01:06:26.219	153.239	153.240			6
2026.02.18	01:06:27.146	153.234	153.243			6
2026.02.18	01:06:27.452	153.235	153.244			6
2026.02.18	01:06:30.274	153.248	153.249			6
2026.02.18	01:06:30.579	153.244	153.247			6
2026.02.18	01:06:30.895		153.246			4
2026.02.18	01:06:31.822	153.242	153.247			6
2026.02.18	01:06:34.331		153.246			4
2026.02.18	01:06:35.277		153.245			4
2026.02.18	01:06:35.581	153.238				2
2026.02.18	01:06:36.825	153.237	153.244			6
2026.02.18	01:06:37.132		153.243			4
2026.02.18	01:06:40.241		153.242			4
2026.02.18	01:06:41.147	153.238				2
2026.02.18	01:06:42.403		153.241			4
2026.02.18	01:06:43.330		153.240			4
2026.02.18	01:06:44.234	153.239				2
2026.02.18	01:06:45.153	153.236	153.237			6
2026.02.18	01:06:45.461	153.239	153.240			6
2026.02.18	01:06:46.385	153.235	153.243			6
2026.02.18	01:06:47.327		153.244			4
2026.02.18	01:06:48.279	153.225	153.229			6
2026.02.18	01:06:48.588		153.232			4
2026.02.18	01:06:49.064		153.231			4
2026.02.18	01:06:52.965	153.224				2
2026.02.18	01:06:54.120		153.230			4
2026.02.18	01:06:56.449		153.226			4
2026.02.18	01:06:57.720	153.225	153.231			6
2026.02.18	01:06:58.392	153.226				2
2026.02.18	01:06:58.697	153.227				2
2026.02.18	01:07:00.119	153.227				2
2026.02.18	01:07:02.343	153.228				2
2026.02.18	01:07:03.274		153.230			4
2026.02.18	01:07:05.114	153.229				2
2026.02.18	01:07:08.198	153.228	153.229			6
2026.02.18	01:07:10.943	153.229	153.230			6
2026.02.18	01:07:11.854	153.228	153.229			6
2026.02.18	01:07:13.696	153.229	153.230			6
2026.02.18	01:07:14.620	153.228	153.229			6
2026.02.18	01:07:15.541	153.227	153.228			6
2026.02.18	01:07:28.162	153.228	153.229			6
2026.02.18	01:07:31.858	153.229	153.230			6
2026.02.18	01:07:32.161	153.231	153.232			6
2026.02.18	01:07:32.473	153.232	153.233			6
2026.02.18	01:07:45.377	153.233	153.234			6
2026.02.18	01:07:46.286	153.232	153.233			6
2026.02.18	01:07:47.510	153.233	153.234			6
2026.02.18	01:07:53.941	153.232	153.233			6
2026.02.18	01:07:55.164	153.233	153.234			6
2026.02.18	01:07:58.851	153.232	153.233			6
2026.02.18	01:07:59.765	153.233	153.234			6
2026.02.18	01:08:00.073	153.233				2
2026.02.18	01:08:06.229	153.232	153.233			6
2026.02.18	01:08:06.848	153.233	153.234			6
2026.02.18	01:08:12.051	153.232	153.233			6
2026.02.18	01:08:24.919	153.233	153.234			6
2026.02.18	01:08:25.842	153.234	153.235			6
2026.02.18	01:08:29.193	153.235	153.236			6
2026.02.18	01:08:29.498	153.234	153.235			6
2026.02.18	01:08:30.118	153.233	153.234			6
2026.02.18	01:08:30.731	153.232	153.233			6
2026.02.18	01:08:31.042	153.230	153.231			6
2026.02.18	01:08:31.964	153.231	153.232			6
2026.02.18	01:08:32.269	153.230	153.234			6
2026.02.18	01:08:32.925	153.226	153.233			6
2026.02.18	01:08:33.533	153.230				2
2026.02.18	01:08:34.166	153.227				2
2026.02.18	01:08:36.361		153.232			4
2026.02.18	01:08:38.228		153.231			4
2026.02.18	01:08:38.543	153.228	153.232			6
2026.02.18	01:08:41.339		153.231			4
2026.02.18	01:08:43.225	153.229				2
2026.02.18	01:08:45.107		153.230			4
2026.02.18	01:08:52.131	153.230	153.231			6
2026.02.18	01:08:52.439	153.229	153.230			6
2026.02.18	01:08:54.903	153.226				2
2026.02.18	01:08:56.147	153.229				2
2026.02.18	01:08:57.374	153.230	153.231			6
2026.02.18	01:08:58.297	153.229	153.230			6
2026.02.18	01:09:00.137	153.230	153.231			6
2026.02.18	01:09:00.442	153.228	153.229			6
2026.02.18	01:09:00.744	153.227	153.228			6
2026.02.18	01:09:01.666	153.228	153.229			6
2026.02.18	01:09:03.510	153.229	153.230			6
2026.02.18	01:09:03.818	153.228	153.229			6
2026.02.18	01:09:04.126	153.229	153.230			6
2026.02.18	01:09:05.350	153.228	153.229			6
2026.02.18	01:09:17.307	153.227	153.228			6
2026.02.18	01:09:17.911	153.228	153.229			6
2026.02.18	01:09:19.429	153.227	153.228			6
2026.02.18	01:09:23.728	153.228	153.229			6
2026.02.18	01:09:34.777	153.229	153.230			6
2026.02.18	01:09:36.334	153.228	153.229			6
2026.02.18	01:09:38.782	153.229	153.230			6
2026.02.18	01:09:39.088	153.228	153.229			6
2026.02.18	01:09:41.556	153.232	153.233			6
2026.02.18	01:09:41.858	153.234	153.235			6
2026.02.18	01:09:42.161	153.230	153.238			6
2026.02.18	01:09:43.729	153.231				2
2026.02.18	01:09:44.668		153.239			4
2026.02.18	01:09:45.592	153.230				2
2026.02.18	01:09:46.233		153.238			4
2026.02.18	01:09:47.798	153.231				2
2026.02.18	01:09:48.412		153.237			4
2026.02.18	01:09:48.720	153.230				2
2026.02.18	01:09:49.025	153.229	153.235			6
2026.02.18	01:09:49.344		153.236			4
2026.02.18	01:09:49.981	153.232	153.238			6
2026.02.18	01:09:50.287		153.237			4
2026.02.18	01:09:51.537		153.238			4
2026.02.18	01:09:52.158		153.237			4
2026.02.18	01:09:55.268		153.236			4
2026.02.18	01:09:55.576	153.236	153.240			6
2026.02.18	01:09:56.208		153.243			4
2026.02.18	01:09:57.152		153.242			4
2026.02.18	01:10:00.238	153.236	153.241			6
2026.02.18	01:10:00.547	153.237				2
2026.02.18	01:10:03.363		153.240			4
2026.02.18	01:10:03.678		153.241			4
2026.02.18	01:10:04.303		153.240			4
2026.02.18	01:10:06.166	153.238				2
2026.02.18	01:10:07.375	153.239				2
2026.02.18	01:10:10.132	153.238	153.239			6
2026.02.18	01:10:10.743	153.239	153.240			6
2026.02.18	01:10:11.350	153.238	153.239			6
2026.02.18	01:10:15.325	153.245	153.246			6
2026.02.18	01:10:15.632	153.242	153.243			6
2026.02.18	01:10:16.244	153.240	153.241			6
2026.02.18	01:10:16.556	153.241	153.242			6
2026.02.18	01:10:16.865	153.239	153.240			6
2026.02.18	01:10:17.470	153.240	153.241			6
2026.02.18	01:10:19.013	153.238	153.239			6
2026.02.18	01:10:19.320	153.237	153.238			6
2026.02.18	01:10:20.541	153.238	153.239			6
2026.02.18	01:10:21.461	153.236	153.237			6
2026.02.18	01:10:22.679	153.238	153.239			6
2026.02.18	01:10:25.140	153.237	153.238			6
2026.02.18	01:10:26.062	153.238	153.239			6
2026.02.18	01:10:26.982	153.237	153.238			6
2026.02.18	01:10:28.815	153.238	153.239			6
2026.02.18	01:10:30.363	153.241	153.242			6
2026.02.18	01:10:31.278	153.238	153.244			6
2026.02.18	01:10:32.223	153.239				2
2026.02.18	01:10:32.538	153.240	153.245			6
2026.02.18	01:10:33.157		153.244			4
2026.02.18	01:10:34.091	153.241				2
2026.02.18	01:10:34.717	153.240	153.243			6
2026.02.18	01:10:35.355		153.244			4
2026.02.18	01:10:35.973	153.239	153.243			6
2026.02.18	01:10:36.282	153.240				2
2026.02.18	01:10:37.206		153.242			4
2026.02.18	01:10:37.509	153.241	153.243			6
2026.02.18	01:10:38.133		153.242			4
2026.02.18	01:10:38.769	153.242	153.243			6
2026.02.18	01:10:42.786	153.241	153.242			6
2026.02.18	01:10:43.090	153.242	153.243			6
2026.02.18	01:10:52.270	153.241	153.242			6
2026.02.18	01:10:53.497	153.242	153.243			6
2026.02.18	01:10:53.803	153.241	153.242			6
2026.02.18	01:10:55.649	153.242	153.243			6
2026.02.18	01:10:56.261	153.241	153.242			6
2026.02.18	01:11:00.263	153.241				2
2026.02.18	01:11:00.567	153.242	153.243			6
2026.02.18	01:11:02.405	153.243	153.244			6
2026.02.18	01:11:02.709	153.241	153.242			6
2026.02.18	01:11:03.319	153.242	153.243			6
2026.02.18	01:11:04.845	153.241	153.242			6
2026.02.18	01:11:05.462	153.242	153.243			6
2026.02.18	01:11:06.367	153.241	153.242			6
2026.02.18	01:11:07.279	153.242	153.243			6
2026.02.18	01:11:07.895	153.241	153.242			6
2026.02.18	01:11:09.120	153.243	153.244			6
2026.02.18	01:11:09.426	153.242	153.243			6
2026.02.18	01:11:10.036	153.248	153.249			6
2026.02.18	01:11:10.342	153.249	153.250			6
2026.02.18	01:11:11.259	153.246	153.253			6
2026.02.18	01:11:11.576	153.247				2
2026.02.18	01:11:14.374		153.254			4
2026.02.18	01:11:14.875	153.248				2
2026.02.18	01:11:15.180	153.247				2
2026.02.18	01:11:16.389		153.253			4
2026.02.18	01:11:18.238		153.252			4
2026.02.18	01:11:20.117		153.251			4
2026.02.18	01:11:20.730	153.246				2
2026.02.18	01:11:22.275		153.250			4
2026.02.18	01:11:23.202	153.247				2
2026.02.18	01:11:24.128		153.249			4
2026.02.18	01:11:25.353	153.248				2
2026.02.18	01:11:34.565	153.249	153.250			6
2026.02.18	01:11:35.492	153.248	153.249			6
2026.02.18	01:11:38.263	153.249	153.250			6
2026.02.18	01:11:39.188	153.248	153.249			6
2026.02.18	01:11:42.564	153.249	153.250			6
2026.02.18	01:11:45.334	153.248	153.249			6
2026.02.18	01:11:46.563	153.249	153.250			6
2026.02.18	01:11:52.415	153.250	153.251			6
2026.02.18	01:11:53.029	153.249	153.250			6
2026.02.18	01:11:57.019	153.250	153.251			6
2026.02.18	01:11:57.638	153.249	153.250			6
2026.02.18	01:12:00.096	153.249				2
2026.02.18	01:12:01.012	153.250	153.251			6
2026.02.18	01:12:03.772	153.249	153.250			6
2026.02.18	01:12:06.536	153.250	153.251			6
2026.02.18	01:12:07.756	153.253	153.254			6
2026.02.18	01:12:08.363	153.254	153.255			6
2026.02.18	01:12:08.667	153.257	153.258			6
2026.02.18	01:12:08.975	153.259	153.260			6
2026.02.18	01:12:09.287	153.256	153.263			6
2026.02.18	01:12:09.816		153.262			4
2026.02.18	01:12:10.132		153.263			4
2026.02.18	01:12:12.966	153.254	153.262			6
2026.02.18	01:12:13.275	153.249	153.253			6
2026.02.18	01:12:13.592	153.247	153.252			6
2026.02.18	01:12:14.214	153.246				2
2026.02.18	01:12:15.776	153.248	153.253			6
2026.02.18	01:12:16.709	153.249	153.254			6
2026.02.18	01:12:18.586		153.253			4
2026.02.18	01:12:20.148	153.250				2
2026.02.18	01:12:20.457		153.255			4
2026.02.18	01:12:21.693		153.254			4
2026.02.18	01:12:22.307		153.252			4
2026.02.18	01:12:23.848		153.254			4
2026.02.18	01:12:26.327	153.251				2
2026.02.18	01:12:28.197		153.253			4
2026.02.18	01:12:29.121	153.252				2
2026.02.18	01:12:29.728	153.251	153.252			6
2026.02.18	01:12:30.958	153.252	153.253			6
2026.02.18	01:12:32.797	153.251	153.252			6
2026.02.18	01:12:33.714	153.252	153.253			6
2026.02.18	01:12:34.019	153.251	153.252			6
2026.02.18	01:12:41.099	153.252	153.253			6
2026.02.18	01:12:43.543	153.251	153.252			6
2026.02.18	01:13:00.082	153.251				2
2026.02.18	01:13:04.673	153.252	153.253			6
2026.02.18	01:13:06.211	153.253	153.254			6
2026.02.18	01:13:07.752	153.252	153.253			6
2026.02.18	01:13:08.669	153.251	153.252			6
2026.02.18	01:13:14.457	153.252	153.253			6
2026.02.18	01:13:20.273	153.253	153.254			6
2026.02.18	01:13:23.046	153.252	153.253			6
2026.02.18	01:13:26.106	153.251	153.252			6
2026.02.18	01:13:27.035	153.252	153.253			6
2026.02.18	01:13:35.298	153.253	153.254			6
2026.02.18	01:13:41.444	153.252	153.253			6
2026.02.18	01:13:42.654	153.251	153.252			6
2026.02.18	01:13:45.443	153.252	153.253			6
2026.02.18	01:13:47.893	153.251	153.252			6
2026.02.18	01:13:50.341	153.254	153.255			6
2026.02.18	01:14:00.173	153.253	153.254			6
2026.02.18	01:14:02.940	153.254	153.255			6
2026.02.18	01:14:04.181	153.253				2
2026.02.18	01:14:07.307	153.256	153.258			6
2026.02.18	01:14:07.616	153.257				2
2026.02.18	01:14:08.235	153.254				2
2026.02.18	01:14:08.545		153.259			4
2026.02.18	01:14:09.386	153.255				2
2026.02.18	01:14:11.247	153.256	153.260			6
2026.02.18	01:14:11.883	153.254	153.255			6
2026.02.18	01:14:12.190	153.253				2
2026.02.18	01:14:13.138	153.251				2
2026.02.18	01:14:15.308	153.254	153.259			6
2026.02.18	01:14:16.240	153.253				2
2026.02.18	01:14:16.546	153.252	153.258			6
2026.02.18	01:14:16.862	153.253	153.259			6
2026.02.18	01:14:17.801		153.258			4
2026.02.18	01:14:18.110	153.254	153.259			6
2026.02.18	01:14:19.388		153.258			4
2026.02.18	01:14:20.624		153.259			4
2026.02.18	01:14:20.934		153.258			4
2026.02.18	01:14:21.573	153.255	153.259			6
2026.02.18	01:14:23.137	153.256	153.260			6
2026.02.18	01:14:23.444	153.255	153.259			6
2026.02.18	01:14:24.065	153.256	153.260			6
2026.02.18	01:14:24.371	153.255	153.258			6
2026.02.18	01:14:24.681	153.253	153.257			6
2026.02.18	01:14:26.252	153.254				2
2026.02.18	01:14:26.878	153.253	153.256			6
2026.02.18	01:14:27.194	153.254				2
2026.02.18	01:14:28.113		153.255			4
2026.02.18	01:14:28.421	153.255	153.256			6
2026.02.18	01:14:29.956	153.254	153.255			6
2026.02.18	01:14:31.489	153.255	153.256			6
2026.02.18	01:14:33.329	153.256	153.257			6
2026.02.18	01:14:34.249	153.255	153.256			6
2026.02.18	01:14:37.936	153.254	153.255			6
2026.02.18	01:14:38.254	153.258	153.259			6
2026.02.18	01:14:38.563	153.259	153.260			6
2026.02.18	01:14:39.178	153.255	153.262			6
2026.02.18	01:14:41.373	153.254	153.261			6
2026.02.18	01:14:41.918	153.255				2
2026.02.18	01:14:42.846	153.254	153.260			6
2026.02.18	01:14:43.158	153.252	153.257			6
2026.02.18	01:14:44.394	153.250				2
2026.02.18	01:14:48.635		153.256			4
2026.02.18	01:14:50.209		153.255			4
2026.02.18	01:14:52.379		153.254			4
2026.02.18	01:14:52.996	153.251	153.255			6
2026.02.18	01:14:53.323	153.252				2
2026.02.18	01:14:54.257	153.250	153.256			6
2026.02.18	01:14:55.187	153.251	153.255			6
2026.02.18	01:14:56.127	153.252				2
2026.02.18	01:14:57.360		153.254			4
2026.02.18	01:14:57.671	153.256	153.257			6
2026.02.18	01:14:57.975	153.257	153.259			6
2026.02.18	01:14:58.279	153.258				2
2026.02.18	01:14:59.196	153.257	153.262			6
2026.02.18	01:15:00.309	153.257				2
2026.02.18	01:15:00.619	153.258	153.264			6
2026.02.18	01:15:01.630	153.263	153.270			6
2026.02.18	01:15:02.145	153.261	153.268			6
2026.02.18	01:15:04.397		153.267			4
2026.02.18	01:15:06.118	153.263	153.270			6
2026.02.18	01:15:06.420	153.265	153.271			6
2026.02.18	01:15:07.367	153.266	153.272			6
2026.02.18	01:15:10.458	153.265				2
2026.02.18	01:15:12.309		153.271			4
2026.02.18	01:15:13.252	153.266				2
2026.02.18	01:15:14.181		153.270			4
2026.02.18	01:15:15.107	153.267				2
2026.02.18	01:15:16.342		153.269			4
2026.02.18	01:15:17.265	153.268				2
2026.02.18	01:15:20.023	153.269	153.270			6
2026.02.18	01:15:21.248	153.265	153.266			6
2026.02.18	01:15:21.558	153.264	153.265			6
2026.02.18	01:15:22.161		153.266			4
2026.02.18	01:15:22.465	153.263	153.265			6
2026.02.18	01:15:23.076	153.260				2
2026.02.18	01:15:23.386		153.264			4
2026.02.18	01:15:24.312	153.263				2
2026.02.18	01:15:24.616	153.262	153.263			6
2026.02.18	01:15:26.148	153.263	153.264			6
2026.02.18	01:15:28.605	153.264	153.265			6
2026.02.18	01:15:28.912	153.257	153.258			6
2026.02.18	01:15:29.215	153.253	153.260			6
2026.02.18	01:15:31.764	153.254				2
2026.02.18	01:15:34.566	153.256				2
2026.02.18	01:15:34.919		153.261			4
2026.02.18	01:15:39.196		153.260			4
2026.02.18	01:15:39.812	153.266	153.270			6
2026.02.18	01:15:40.126	153.265	153.272			6
2026.02.18	01:15:42.104	153.268				2
2026.02.18	01:15:42.811	153.271	153.277			6
2026.02.18	01:15:43.128		153.278			4
2026.02.18	01:15:43.743	153.272	153.277			6
2026.02.18	01:15:44.568		153.278			4
2026.02.18	01:15:45.243	153.273				2
2026.02.18	01:15:47.415	153.274				2
2026.02.18	01:15:48.357		153.277			4
2026.02.18	01:15:50.210	153.277	153.279			6
2026.02.18	01:15:50.520	153.280	153.283			6
2026.02.18	01:15:51.130		153.284			4
2026.02.18	01:15:51.752	153.278	153.283			6
2026.02.18	01:15:52.060	153.281	153.284			6
2026.02.18	01:15:52.995	153.279				2
2026.02.18	01:15:53.304	153.280				2
2026.02.18	01:15:55.166		153.283			4
2026.02.18	01:15:56.093	153.281				2
2026.02.18	01:15:57.312		153.282			4
2026.02.18	01:15:59.777	153.283	153.284			6
2026.02.18	01:16:00.080	153.285	153.286			6
2026.02.18	01:16:04.078	153.284	153.285			6
2026.02.18	01:16:05.296	153.283	153.284			6
2026.02.18	01:16:06.831	153.284	153.285			6
2026.02.18	01:16:09.291	153.283	153.284			6
2026.02.18	01:16:09.596	153.284	153.285			6
2026.02.18	01:16:13.276	153.285	153.286			6
2026.02.18	01:16:14.815	153.284	153.285			6
2026.02.18	01:16:17.582	153.283	153.284			6
2026.02.18	01:16:18.509	153.284	153.285			6
2026.02.18	01:16:19.726	153.283	153.284			6
2026.02.18	01:16:21.265	153.277	153.278			6
2026.02.18	01:16:21.572	153.275	153.276			6
2026.02.18	01:16:21.878	153.276	153.277			6
2026.02.18	01:16:22.185	153.273	153.279			6
2026.02.18	01:16:22.798		153.278			4
2026.02.18	01:16:25.388		153.277			4
2026.02.18	01:16:26.311	153.274				2
2026.02.18	01:16:27.243		153.276			4
2026.02.18	01:16:28.162	153.275				2
2026.02.18	01:16:30.296	153.273	153.274			6
2026.02.18	01:16:30.609	153.270	153.271			6
2026.02.18	01:16:34.317	153.271	153.272			6
2026.02.18	01:16:41.353	153.270	153.271			6
2026.02.18	01:16:41.655	153.269	153.270			6
2026.02.18	01:16:45.341	153.270	153.271			6
2026.02.18	01:16:52.064	153.269	153.270			6
2026.02.18	01:16:52.370	153.270	153.271			6
2026.02.18	01:16:53.297	153.269	153.270			6
2026.02.18	01:16:55.129	153.270	153.271			6
2026.02.18	01:16:55.431	153.273	153.274			6
2026.02.18	01:16:55.743	153.271	153.272			6
2026.02.18	01:16:56.052	153.272	153.273			6
2026.02.18	01:16:56.963	153.270	153.271			6
2026.02.18	01:16:57.272	153.265	153.268			6
2026.02.18	01:16:57.586	153.264	153.267			6
2026.02.18	01:16:57.903	153.267	153.269			6
2026.02.18	01:16:58.219	153.268	153.272			6
2026.02.18	01:16:58.526	153.267	153.271			6
2026.02.18	01:16:59.148	153.268				2
2026.02.18	01:17:00.070	153.268				2
2026.02.18	01:17:00.390		153.270			4
2026.02.18	01:17:01.324	153.269				2
2026.02.18	01:17:02.236	153.270	153.271			6
2026.02.18	01:17:03.762	153.269	153.270			6
2026.02.18	01:17:07.125	153.270	153.271			6
2026.02.18	01:17:15.724	153.271	153.272			6
2026.02.18	01:17:16.644	153.274	153.275			6
2026.02.18	01:17:19.704	153.277	153.278			6
2026.02.18	01:17:20.326	153.278	153.279			6
2026.02.18	01:17:20.935	153.277	153.278			6
2026.02.18	01:17:21.546	153.276	153.277			6
2026.02.18	01:17:21.857	153.277	153.278			6
2026.02.18	01:17:22.160	153.278	153.279			6
2026.02.18	01:17:24.918	153.277	153.278			6
2026.02.18	01:17:27.703	153.278	153.279			6
2026.02.18	01:17:31.376	153.279	153.280			6
2026.02.18	01:17:34.435	153.278	153.279			6
2026.02.18	01:17:34.737	153.279	153.280			6
2026.02.18	01:17:35.957	153.278	153.279			6
2026.02.18	01:17:42.395	153.280	153.281			6
2026.02.18	01:17:44.237	153.282	153.283			6
2026.02.18	01:17:44.545	153.283	153.284			6
2026.02.18	01:17:44.853	153.285	153.286			6
2026.02.18	01:17:46.382	153.283	153.289			6
2026.02.18	01:17:53.197	153.282	153.288			6
2026.02.18	01:17:55.377	153.283				2
2026.02.18	01:17:56.309		153.287			4
2026.02.18	01:17:57.247		153.286			4
2026.02.18	01:17:58.187	153.284				2
2026.02.18	01:17:59.131		153.285			4
2026.02.18	01:18:00.046	153.284				2
2026.02.18	01:18:10.199	153.276	153.277			6
2026.02.18	01:18:10.504	153.275	153.276			6
2026.02.18	01:18:11.121	153.272	153.277			6
2026.02.18	01:18:11.446		153.278			4
2026.02.18	01:18:17.389	153.273				2
2026.02.18	01:18:18.335	153.274				2
2026.02.18	01:18:18.653	153.273				2
2026.02.18	01:18:19.898	153.272	153.277			6
2026.02.18	01:18:20.207	153.273				2
2026.02.18	01:18:22.384	153.274				2
2026.02.18	01:18:22.694	153.275	153.278			6
2026.02.18	01:18:24.237	153.276				2
2026.02.18	01:18:25.159	153.278	153.279			6
2026.02.18	01:18:26.081	153.277	153.278			6
2026.02.18	01:18:26.697	153.278	153.279			6
2026.02.18	01:18:27.002	153.276	153.277			6
2026.02.18	01:18:27.315	153.281	153.282			6
2026.02.18	01:18:28.235	153.279	153.283			6
2026.02.18	01:18:30.108	153.280				2
2026.02.18	01:18:30.415		153.282			4
2026.02.18	01:18:30.720	153.279				2
2026.02.18	01:18:31.341		153.281			4
2026.02.18	01:18:32.260		153.280			4
2026.02.18	01:18:33.500	153.281	153.282			6
2026.02.18	01:18:33.807	153.280	153.281			6
2026.02.18	01:18:35.958	153.281	153.282			6
2026.02.18	01:18:38.721	153.280	153.281			6
2026.02.18	01:18:47.313	153.285	153.286			6
2026.02.18	01:18:53.414	153.284	153.285			6
2026.02.18	01:18:57.414	153.282	153.283			6
2026.02.18	01:18:57.719	153.277	153.278			6
2026.02.18	01:18:58.021	153.278	153.279			6
2026.02.18	01:18:58.322	153.277				2
2026.02.18	01:18:59.250	153.274	153.280			6
2026.02.18	01:19:00.316	153.275				2
2026.02.18	01:19:01.254		153.279			4
2026.02.18	01:19:02.178	153.276				2
2026.02.18	01:19:03.106		153.278			4
2026.02.18	01:19:04.361	153.277				2
2026.02.18	01:19:17.885	153.275	153.276			6
2026.02.18	01:19:23.410	153.271	153.272			6
2026.02.18	01:19:24.324	153.267	153.274			6
2026.02.18	01:19:26.208	153.268				2
2026.02.18	01:19:27.146		153.273			4
2026.02.18	01:19:29.339	153.269				2
2026.02.18	01:19:30.272	153.270				2
2026.02.18	01:19:31.204		153.272			4
2026.02.18	01:19:32.137	153.271				2
2026.02.18	01:19:38.919	153.270	153.271			6
2026.02.18	01:19:39.532	153.272	153.273			6
2026.02.18	01:19:41.378	153.270	153.271			6
2026.02.18	01:19:41.679	153.269	153.270			6
2026.02.18	01:19:42.296	153.266	153.272			6
2026.02.18	01:19:42.601		153.273			4
2026.02.18	01:19:43.210	153.267				2
2026.02.18	01:19:44.168	153.268	153.272			6
2026.02.18	01:19:45.114		153.271			4
2026.02.18	01:19:46.347	153.269	153.270			6
2026.02.18	01:19:49.104	153.270	153.271			6
2026.02.18	01:19:51.254	153.269	153.270			6
2026.02.18	01:19:53.400	153.270	153.271			6
2026.02.18	01:19:53.707	153.269	153.270			6
2026.02.18	01:19:54.012	153.270	153.271			6
2026.02.18	01:19:59.238	153.273	153.274			6
2026.02.18	01:19:59.546	153.275	153.276			6
2026.02.18	01:20:00.162	153.271	153.278			6
2026.02.18	01:20:02.422	153.272				2
2026.02.18	01:20:03.330		153.277			4
2026.02.18	01:20:04.264	153.273				2
2026.02.18	01:20:05.209	153.274	153.276			6
2026.02.18	01:20:06.138	153.275				2
2026.02.18	01:20:06.753	153.274	153.275			6
2026.02.18	01:20:10.439	153.275	153.276			6
2026.02.18	01:20:12.274	153.274	153.275			6
2026.02.18	01:20:12.893	153.275	153.276			6
2026.02.18	01:20:14.418	153.276	153.277			6
2026.02.18	01:20:16.878	153.275	153.276			6
2026.02.18	01:20:17.185	153.279	153.280			6
2026.02.18	01:20:19.343	153.280	153.281			6
2026.02.18	01:20:19.967	153.276	153.277			6
2026.02.18	01:20:20.271	153.275	153.276			6
2026.02.18	01:20:21.185	153.272	153.278			6
2026.02.18	01:20:23.219		153.279			4
2026.02.18	01:20:27.119	153.273	153.278			6
2026.02.18	01:20:28.367	153.274				2
2026.02.18	01:20:29.293	153.275	153.277			6
2026.02.18	01:20:30.213		153.276			4
2026.02.18	01:20:33.909	153.276	153.277			6
2026.02.18	01:20:35.126	153.277	153.278			6
2026.02.18	01:20:36.048	153.276	153.277			6
2026.02.18	01:20:37.575	153.275	153.276			6
2026.02.18	01:20:37.877	153.274	153.275			6
2026.02.18	01:20:40.319	153.283	153.284			6
2026.02.18	01:20:41.254	153.278	153.285			6
2026.02.18	01:20:41.873	153.272	153.279			6
2026.02.18	01:20:42.188	153.271				2
2026.02.18	01:20:42.768	153.272				2
2026.02.18	01:20:43.386	153.271				2
2026.02.18	01:20:44.535		153.278			4
2026.02.18	01:20:45.473		153.279			4
2026.02.18	01:20:46.284		153.278			4
2026.02.18	01:20:49.318	153.272	153.279			6
2026.02.18	01:20:49.634	153.277	153.282			6
2026.02.18	01:20:49.941		153.284			4
2026.02.18	01:20:50.255		153.285			4
2026.02.18	01:20:51.396		153.284			4
2026.02.18	01:20:54.184	153.278				2
2026.02.18	01:20:55.108		153.283			4
2026.02.18	01:20:56.345		153.282			4
2026.02.18	01:20:56.654	153.282	153.286			6
2026.02.18	01:20:57.274	153.284	153.289			6
2026.02.18	01:20:57.581	153.285	153.290			6
2026.02.18	01:20:58.202		153.289			4
2026.02.18	01:20:59.429	153.294	153.297			6
2026.02.18	01:20:59.735	153.299	153.303			6
2026.02.18	01:21:00.052	153.300	153.304			6
2026.02.18	01:21:00.359	153.298	153.305			6
2026.02.18	01:21:03.789	153.297	153.304			6
2026.02.18	01:21:05.389	153.298				2
2026.02.18	01:21:08.187	153.299				2
2026.02.18	01:21:09.111		153.303			4
2026.02.18	01:21:11.288	153.300				2
2026.02.18	01:21:11.594	153.298	153.301			6
2026.02.18	01:21:13.129	153.299				2
2026.02.18	01:21:14.355	153.300				2
2026.02.18	01:21:14.967	153.298	153.299			6
2026.02.18	01:21:15.268	153.296	153.297			6
2026.02.18	01:21:15.570	153.294	153.295			6
2026.02.18	01:21:16.185	153.293	153.296			6
2026.02.18	01:21:17.106	153.294				2
2026.02.18	01:21:18.018	153.293	153.295			6
2026.02.18	01:21:18.332	153.294	153.296			6
2026.02.18	01:21:19.251		153.295			4
2026.02.18	01:21:23.864	153.295	153.296			6
2026.02.18	01:21:25.093	153.294	153.295			6
2026.02.18	01:21:26.940	153.295	153.296			6
2026.02.18	01:21:30.005	153.296	153.297			6
2026.02.18	01:21:33.082	153.295	153.296			6
2026.02.18	01:21:37.081	153.293	153.294			6
2026.02.18	01:21:40.449	153.292	153.293			6
2026.02.18	01:21:40.759	153.290	153.291			6
2026.02.18	01:21:41.061	153.289	153.290			6
2026.02.18	01:21:41.367	153.288	153.289			6
2026.02.18	01:21:45.678	153.289	153.290			6
2026.02.18	01:21:48.753	153.291	153.292			6
2026.02.18	01:21:49.059	153.290	153.291			6
2026.02.18	01:21:49.983	153.292	153.293			6
2026.02.18	01:21:50.288	153.294	153.295			6
2026.02.18	01:21:59.465	153.296	153.297			6
2026.02.18	01:22:00.075	153.296				2
2026.02.18	01:22:00.689	153.295	153.296			6
2026.02.18	01:22:00.997	153.292	153.293			6
2026.02.18	01:22:01.299	153.291	153.292			6
2026.02.18	01:22:05.300	153.292	153.293			6
2026.02.18	01:22:06.519	153.293	153.294			6
2026.02.18	01:22:07.435	153.292	153.293			6
2026.02.18	01:22:07.744	153.294	153.295			6
2026.02.18	01:22:10.499	153.295	153.296			6
2026.02.18	01:22:11.724	153.294	153.295			6
2026.02.18	01:22:12.952	153.295	153.296			6
2026.02.18	01:22:14.478	153.294	153.295			6
2026.02.18	01:22:17.858	153.295	153.296			6
2026.02.18	01:22:19.081	153.294	153.295			6
2026.02.18	01:22:23.394	153.295	153.296			6
2026.02.18	01:22:26.161	153.294	153.295			6
2026.02.18	01:22:28.622	153.295	153.296			6
2026.02.18	01:22:33.574	153.294	153.295			6
2026.02.18	01:22:36.971	153.295	153.296			6
2026.02.18	01:22:38.826	153.294	153.295			6
2026.02.18	01:22:42.816	153.295	153.296			6
2026.02.18	01:22:51.689	153.292	153.293			6
2026.02.18	01:22:51.993	153.287	153.288			6
2026.02.18	01:22:52.304	153.283	153.291			6
2026.02.18	01:22:54.482	153.284				2
2026.02.18	01:22:59.398		153.290			4
2026.02.18	01:23:00.017	153.284				2
2026.02.18	01:23:01.262	153.285				2
2026.02.18	01:23:02.190		153.289			4
2026.02.18	01:23:02.502	153.291	153.295			6
2026.02.18	01:23:03.125	153.290				2
2026.02.18	01:23:05.297	153.291				2
2026.02.18	01:23:05.917	153.290				2
2026.02.18	01:23:06.237	153.291				2
2026.02.18	01:23:07.175		153.294			4
2026.02.18	01:23:09.373	153.289	153.291			6
2026.02.18	01:23:10.289	153.290				2
2026.02.18	01:23:10.596	153.289	153.290			6
2026.02.18	01:23:11.216	153.288	153.289			6
2026.02.18	01:23:14.893	153.289	153.290			6
2026.02.18	01:23:17.330	153.288	153.289			6
2026.02.18	01:23:18.857	153.291	153.292			6
2026.02.18	01:23:19.475	153.292	153.293			6
2026.02.18	01:23:19.780	153.291	153.292			6
2026.02.18	01:23:20.089	153.292	153.293			6
2026.02.18	01:23:20.996	153.291	153.292			6
2026.02.18	01:23:23.737	153.288	153.289			6
2026.02.18	01:23:24.348	153.287	153.291			6
2026.02.18	01:23:25.289		153.290			4
2026.02.18	01:23:26.226	153.288				2
2026.02.18	01:23:27.165		153.289			4
2026.02.18	01:23:29.008	153.289	153.290			6
2026.02.18	01:23:46.457	153.296	153.297			6
2026.02.18	01:23:48.300	153.292	153.300			6
2026.02.18	01:23:50.157	153.291				2
2026.02.18	01:23:51.385	153.292				2
2026.02.18	01:23:53.266	153.293				2
2026.02.18	01:23:54.190		153.299			4
2026.02.18	01:23:55.115	153.294				2
2026.02.18	01:23:56.354		153.298			4
2026.02.18	01:23:57.282	153.295				2
2026.02.18	01:23:58.221		153.297			4
2026.02.18	01:23:59.147	153.296				2
2026.02.18	01:24:00.068	153.296				2
2026.02.18	01:24:00.990	153.297	153.298			6
2026.02.18	01:24:01.608	153.296	153.297			6
2026.02.18	01:24:05.584	153.295	153.296			6
2026.02.18	01:24:06.501	153.296	153.297			6
2026.02.18	01:24:15.405	153.297	153.298			6
2026.02.18	01:24:19.094	153.296	153.297			6
2026.02.18	01:24:19.705	153.297	153.298			6
2026.02.18	01:24:27.683	153.296	153.297			6
2026.02.18	01:24:46.381	153.297	153.298			6
2026.02.18	01:24:47.304	153.296	153.297			6
2026.02.18	01:24:58.349	153.295				2
2026.02.18	01:25:00.213	153.295	153.296			6
2026.02.18	01:25:01.433	153.289	153.290			6
2026.02.18	01:25:01.744	153.288	153.289			6
2026.02.18	01:25:02.355	153.287	153.293			6
2026.02.18	01:25:05.804		153.292			4
2026.02.18	01:25:06.116	153.285				2
2026.02.18	01:25:06.419	153.286	153.291			6
2026.02.18	01:25:06.723	153.287				2
2026.02.18	01:25:07.027	153.286	153.292			6
2026.02.18	01:25:07.346		153.291			4
2026.02.18	01:25:11.397		153.290			4
2026.02.18	01:25:14.187		153.289			4
2026.02.18	01:25:17.296		153.288			4
2026.02.18	01:25:17.602		153.287			4
2026.02.18	01:25:43.069	153.276	153.277			6
2026.02.18	01:25:43.376	153.279	153.280			6
2026.02.18	01:25:44.294	153.276	153.284			6
2026.02.18	01:25:46.814	153.277				2
2026.02.18	01:25:48.228		153.283			4
2026.02.18	01:25:48.856		153.284			4
2026.02.18	01:25:49.159	153.278				2
2026.02.18	01:25:49.560	153.279				2
2026.02.18	01:25:50.407	153.280				2
2026.02.18	01:25:51.664	153.279	153.283			6
2026.02.18	01:25:53.319	153.276	153.281			6
2026.02.18	01:25:54.241		153.282			4
2026.02.18	01:25:54.713	153.274	153.279			6
2026.02.18	01:25:58.401	153.275				2
2026.02.18	01:26:00.263	153.275	153.278			6
2026.02.18	01:26:01.206	153.276				2
2026.02.18	01:26:02.129		153.277			4
2026.02.18	01:26:05.194	153.277	153.278			6
2026.02.18	01:26:06.113	153.276	153.277			6
2026.02.18	01:26:06.415	153.277	153.278			6
2026.02.18	01:26:08.259	153.275	153.276			6
2026.02.18	01:26:08.560	153.274	153.275			6
2026.02.18	01:26:08.865	153.275	153.276			6
2026.02.18	01:26:09.169	153.274				2
2026.02.18	01:26:11.347	153.275				2
2026.02.18	01:26:12.888	153.274	153.275			6
2026.02.18	01:26:19.330	153.273	153.274			6
2026.02.18	01:26:20.246	153.274	153.275			6
2026.02.18	01:26:20.553	153.273	153.274			6
2026.02.18	01:26:25.151	153.272	153.273			6
2026.02.18	01:26:40.509	153.273	153.274			6
2026.02.18	01:26:41.120	153.270	153.275			6
2026.02.18	01:26:41.916	153.271				2
2026.02.18	01:26:42.618	153.270				2
2026.02.18	01:26:44.254	153.271				2
2026.02.18	01:26:46.116	153.272				2
2026.02.18	01:26:47.372	153.273				2
2026.02.18	01:26:48.316		153.274			4
2026.02.18	01:26:51.368	153.275	153.276			6
2026.02.18	01:26:51.985	153.274	153.275			6
2026.02.18	01:26:52.294	153.275	153.276			6
2026.02.18	01:26:52.599	153.276	153.277			6
2026.02.18	01:26:53.207	153.274	153.276			6
2026.02.18	01:26:54.138	153.275				2
2026.02.18	01:26:55.373	153.276	153.277			6
2026.02.18	01:27:00.266	153.276				2
2026.02.18	01:27:03.346	153.275	153.276			6
2026.02.18	01:27:04.258	153.273	153.274			6
2026.02.18	01:27:17.733	153.272	153.273			6
2026.02.18	01:27:24.817	153.273	153.274			6
2026.02.18	01:27:26.341	153.272	153.273			6
2026.02.18	01:27:28.800	153.271	153.272			6
2026.02.18	01:27:29.106	153.270	153.271			6
2026.02.18	01:27:29.417	153.267	153.268			6
2026.02.18	01:27:29.721	153.266	153.267			6
2026.02.18	01:27:30.330	153.263	153.266			6
2026.02.18	01:27:37.140	153.264	153.265			6
2026.02.18	01:27:37.452	153.262	153.263			6
2026.02.18	01:27:41.146	153.263	153.264			6
2026.02.18	01:27:45.194	153.264	153.265			6
2026.02.18	01:28:00.192	153.264				2
2026.02.18	01:28:03.564	153.263	153.264			6
2026.02.18	01:28:05.384	153.264	153.265			6
2026.02.18	01:28:10.877	153.250	153.251			6
2026.02.18	01:28:11.186	153.243	153.249			6
2026.02.18	01:28:11.539	153.244				2
2026.02.18	01:28:13.121	153.243	153.248			6
2026.02.18	01:28:14.093	153.245				2
2026.02.18	01:28:16.382	153.246	153.249			6
2026.02.18	01:28:16.710	153.239	153.243			6
2026.02.18	01:28:17.028	153.240				2
2026.02.18	01:28:23.473	153.234	153.238			6
2026.02.18	01:28:25.012	153.235				2
2026.02.18	01:28:26.247	153.236				2
2026.02.18	01:28:28.403	153.237				2
2026.02.18	01:28:29.329	153.235				2
2026.02.18	01:28:30.253	153.236				2
2026.02.18	01:28:31.177		153.237			4
2026.02.18	01:28:31.793	153.237	153.238			6
2026.02.18	01:28:32.094	153.240	153.241			6
2026.02.18	01:28:32.398	153.239	153.240			6
2026.02.18	01:28:35.156	153.264	153.265			6
2026.02.18	01:28:35.459	153.262	153.263			6
2026.02.18	01:28:36.372	153.259	153.262			6
2026.02.18	01:28:36.678	153.251	153.252			6
2026.02.18	01:28:36.980	153.247	153.250			6
2026.02.18	01:28:39.168	153.248	153.251			6
2026.02.18	01:28:39.485	153.249	153.252			6
2026.02.18	01:28:39.786		153.253			4
2026.02.18	01:28:40.399	153.248				2
2026.02.18	01:28:41.333	153.249				2
2026.02.18	01:28:43.201	153.250				2
2026.02.18	01:28:43.508	153.251				2
2026.02.18	01:28:43.828	153.250				2
2026.02.18	01:28:44.441	153.249	153.252			6
2026.02.18	01:28:45.678	153.252	153.255			6
2026.02.18	01:28:46.292	153.255	153.256			6
2026.02.18	01:28:49.387	153.256	153.257			6
2026.02.18	01:28:52.754	153.263	153.264			6
2026.02.18	01:28:53.059	153.264	153.265			6
2026.02.18	01:28:53.365	153.263	153.264			6
2026.02.18	01:28:53.672	153.264	153.265			6
2026.02.18	01:28:57.053	153.265	153.266			6
2026.02.18	01:28:57.356	153.267	153.268			6
2026.02.18	01:29:00.108	153.267				2
2026.02.18	01:29:07.480	153.265	153.266			6
2026.02.18	01:29:08.092	153.264	153.265			6
2026.02.18	01:29:08.705	153.262	153.263			6
2026.02.18	01:29:09.308	153.261	153.262			6
2026.02.18	01:29:12.040	153.264	153.265			6
2026.02.18	01:29:12.343	153.265	153.266			6
2026.02.18	01:29:12.646	153.263	153.264			6
2026.02.18	01:29:12.949	153.262	153.263			6
2026.02.18	01:29:15.417	153.263	153.264			6
2026.02.18	01:29:47.987	153.262	153.263			6
2026.02.18	01:29:49.513	153.261	153.262			6
2026.02.18	01:29:57.503	153.262	153.263			6
2026.02.18	01:29:58.123	153.263	153.264			6
2026.02.18	01:30:00.273	153.263				2
2026.02.18	01:30:03.037	153.264	153.265			6
2026.02.18	01:30:03.648	153.265	153.266			6
2026.02.18	01:30:04.875	153.266	153.267			6
2026.02.18	01:30:05.176	153.265	153.266			6
2026.02.18	01:30:15.325	153.266	153.267			6
2026.02.18	01:30:15.931	153.265	153.266			6
2026.02.18	01:30:23.923	153.267	153.268			6
2026.02.18	01:30:34.047	153.273	153.274			6
2026.02.18	01:30:35.271	153.270	153.275			6
2026.02.18	01:30:36.207	153.271				2
2026.02.18	01:30:37.135	153.268	153.273			6
2026.02.18	01:30:37.438	153.269				2
2026.02.18	01:30:37.754	153.271	153.275			6
2026.02.18	01:30:42.396	153.272				2
2026.02.18	01:30:43.319		153.276			4
2026.02.18	01:30:44.253		153.275			4
2026.02.18	01:30:46.107	153.273				2
2026.02.18	01:30:48.271	153.274				2
2026.02.18	01:30:52.270	153.275	153.276			6
2026.02.18	01:30:52.578	153.274	153.275			6
2026.02.18	01:31:00.244	153.273	153.274			6
2026.02.18	01:31:00.556	153.272	153.273			6
2026.02.18	01:31:05.750	153.274	153.275			6
2026.02.18	01:31:11.279	153.273	153.274			6
2026.02.18	01:31:12.208	153.271	153.275			6
2026.02.18	01:31:14.372	153.272				2
2026.02.18	01:31:14.987	153.271	153.274			6
2026.02.18	01:31:15.295	153.272				2
2026.02.18	01:31:17.160	153.273				2
2026.02.18	01:31:18.079	153.272	153.273			6
2026.02.18	01:31:19.006	153.273	153.274			6
2026.02.18	01:31:25.155	153.275	153.276			6
2026.02.18	01:31:25.464	153.277	153.278			6
2026.02.18	01:31:25.766	153.276	153.277			6
2026.02.18	01:31:26.382	153.273	153.278			6
2026.02.18	01:31:27.321		153.279			4
2026.02.18	01:31:28.368		153.278			4
2026.02.18	01:31:30.252	153.274				2
2026.02.18	01:31:31.818	153.276				2
2026.02.18	01:31:33.364	153.275				2
2026.02.18	01:31:34.306	153.276				2
2026.02.18	01:31:34.927		153.279			4
2026.02.18	01:31:35.232	153.277				2
2026.02.18	01:31:37.099	153.278				2
2026.02.18	01:31:38.344	153.279	153.280			6
2026.02.18	01:31:45.400	153.281	153.282			6
2026.02.18	01:31:51.228	153.284	153.285			6
2026.02.18	01:31:52.143	153.283	153.286			6
2026.02.18	01:31:54.331	153.284				2
2026.02.18	01:31:55.260	153.285				2
2026.02.18	01:31:55.874	153.293	153.294			6
2026.02.18	01:31:56.179	153.292	153.293			6
2026.02.18	01:31:57.107	153.288	153.294			6
2026.02.18	01:31:57.726		153.293			4
2026.02.18	01:31:58.036	153.286				2
2026.02.18	01:31:59.167	153.287				2
2026.02.18	01:32:00.400	153.287	153.292			6
2026.02.18	01:32:00.906	153.285				2
2026.02.18	01:32:01.913	153.288				2
2026.02.18	01:32:03.444		153.291			4
2026.02.18	01:32:04.706	153.285				2
2026.02.18	01:32:05.218	153.286	153.290			6
2026.02.18	01:32:05.527		153.292			4
2026.02.18	01:32:06.147		153.290			4
2026.02.18	01:32:06.450	153.285				2
2026.02.18	01:32:07.072		153.289			4
2026.02.18	01:32:07.378	153.286				2
2026.02.18	01:32:08.615	153.285	153.288			6
2026.02.18	01:32:09.237	153.286				2
2026.02.18	01:32:11.078	153.288	153.291			6
2026.02.18	01:32:11.391	153.290				2
2026.02.18	01:32:12.319	153.289				2
2026.02.18	01:32:13.254	153.290	153.292			6
2026.02.18	01:32:13.555	153.291	153.293			6
2026.02.18	01:32:14.172		153.294			4
2026.02.18	01:32:15.101		153.293			4
2026.02.18	01:32:16.327	153.292				2
2026.02.18	01:32:29.515	153.290	153.291			6
2026.02.18	01:32:31.362	153.291	153.292			6
2026.02.18	01:32:35.968	153.290	153.291			6
2026.02.18	01:32:38.433	153.292	153.293			6
2026.02.18	01:32:38.736	153.293	153.294			6
2026.02.18	01:32:40.275	153.294	153.295			6
2026.02.18	01:32:40.576	153.293	153.294			6
2026.02.18	01:32:46.090	153.294	153.295			6
2026.02.18	01:32:46.397	153.293	153.294			6
2026.02.18	01:32:48.528	153.292	153.293			6
2026.02.18	01:32:50.055	153.294	153.295			6
2026.02.18	01:32:50.670	153.293	153.294			6
2026.02.18	01:32:52.201	153.292	153.293			6
2026.02.18	01:32:52.814	153.293	153.294			6
2026.02.18	01:32:53.735	153.295	153.296			6
2026.02.18	01:32:54.043	153.294	153.295			6
2026.02.18	01:32:54.958	153.292	153.293			6
2026.02.18	01:32:55.263	153.288	153.289			6
2026.02.18	01:32:55.568	153.287	153.288			6
2026.02.18	01:32:56.174	153.283				2
2026.02.18	01:32:57.312	153.284				2
2026.02.18	01:32:57.899	153.278	153.282			6
2026.02.18	01:32:59.257	153.277				2
2026.02.18	01:32:59.718	153.279	153.285			6
2026.02.18	01:33:00.034	153.279				2
2026.02.18	01:33:00.727	153.282	153.288			6
2026.02.18	01:33:01.052	153.283				2
2026.02.18	01:33:03.371	153.280	153.287			6
2026.02.18	01:33:05.873		153.285			4
2026.02.18	01:33:07.116	153.281				2
2026.02.18	01:33:08.368	153.278	153.282			6
2026.02.18	01:33:08.685	153.277				2
2026.02.18	01:33:09.309	153.276	153.281			6
2026.02.18	01:33:09.936		153.280			4
2026.02.18	01:33:10.243	153.269	153.274			6
2026.02.18	01:33:11.193	153.268				2
2026.02.18	01:33:12.511	153.269				2
2026.02.18	01:33:15.335	153.270				2
2026.02.18	01:33:16.579	153.285	153.288			6
2026.02.18	01:33:17.206	153.283				2
2026.02.18	01:33:17.687	153.274	153.280			6
2026.02.18	01:33:20.003	153.276	153.281			6
2026.02.18	01:33:20.927	153.275				2
2026.02.18	01:33:21.316	153.278	153.284			6
2026.02.18	01:33:21.623	153.279				2
2026.02.18	01:33:22.630	153.278				2
2026.02.18	01:33:22.967		153.283			4
2026.02.18	01:33:23.408	153.279				2
2026.02.18	01:33:26.214	153.280	153.284			6
2026.02.18	01:33:27.132		153.283			4
2026.02.18	01:33:29.307	153.281				2
2026.02.18	01:33:31.448		153.282			4
2026.02.18	01:33:31.753	153.280				2
2026.02.18	01:33:32.055	153.279	153.281			6
2026.02.18	01:33:32.362	153.280				2
2026.02.18	01:33:33.593	153.281	153.282			6
2026.02.18	01:33:33.898	153.280	153.281			6
2026.02.18	01:33:34.208	153.281	153.282			6
2026.02.18	01:33:34.830	153.280	153.281			6
2026.02.18	01:33:35.440	153.279	153.280			6
2026.02.18	01:33:36.055	153.278	153.279			6
2026.02.18	01:33:36.666	153.279	153.280			6
2026.02.18	01:33:39.734	153.280	153.281			6
2026.02.18	01:33:41.886	153.279	153.280			6
2026.02.18	01:33:44.640	153.280	153.281			6
2026.02.18	01:33:45.260	153.279	153.280			6
2026.02.18	01:33:52.323	153.278	153.279			6
2026.02.18	01:33:52.632	153.279	153.280			6
2026.02.18	01:33:54.468	153.277	153.278			6
2026.02.18	01:33:59.986	153.280	153.281			6
2026.02.18	01:34:00.298	153.282	153.283			6
2026.02.18	01:34:00.606	153.284	153.285			6
2026.02.18	01:34:00.908	153.285	153.286			6
2026.02.18	01:34:01.214	153.283				2
2026.02.18	01:34:02.139	153.282				2
2026.02.18	01:34:03.083	153.283				2
2026.02.18	01:34:05.252	153.284				2
2026.02.18	01:34:06.161	153.285				2
2026.02.18	01:34:08.616	153.284	153.285			6
2026.02.18	01:34:11.685	153.281	153.282			6
2026.02.18	01:34:12.289	153.282	153.283			6
2026.02.18	01:34:12.905	153.283	153.284			6
2026.02.18	01:34:17.510	153.284	153.285			6
2026.02.18	01:34:21.816	153.285	153.286			6
2026.02.18	01:34:36.247	153.284	153.285			6
2026.02.18	01:34:36.555	153.285	153.286			6
2026.02.18	01:34:45.130	153.286	153.287			6
2026.02.18	01:34:45.436	153.287	153.288			6
2026.02.18	01:34:45.743	153.286	153.287			6
2026.02.18	01:34:55.867	153.287	153.288			6
2026.02.18	01:34:58.012	153.286	153.287			6
2026.02.18	01:35:00.159	153.286				2
2026.02.18	01:35:04.441	153.287	153.288			6
2026.02.18	01:35:16.131	153.288	153.289			6
2026.02.18	01:35:17.364	153.287	153.290			6
2026.02.18	01:35:19.241		153.289			4
2026.02.18	01:35:19.548	153.285	153.287			6
2026.02.18	01:35:22.336	153.286				2
2026.02.18	01:35:30.588	153.287	153.288			6
2026.02.18	01:35:30.896	153.286	153.287			6
2026.02.18	01:35:32.433	153.285	153.286			6
2026.02.18	01:35:35.205	153.286	153.287			6
2026.02.18	01:35:38.265	153.285	153.286			6
2026.02.18	01:35:44.115	153.286	153.287			6
2026.02.18	01:35:45.346	153.282	153.283			6
2026.02.18	01:35:45.655	153.280	153.281			6
2026.02.18	01:35:45.959	153.281	153.282			6
2026.02.18	01:35:47.186	153.277	153.283			6
2026.02.18	01:35:48.178		153.282			4
2026.02.18	01:35:48.568		153.283			4
2026.02.18	01:35:49.389	153.278				2
2026.02.18	01:35:50.003	153.277				2
2026.02.18	01:35:51.385	153.278				2
2026.02.18	01:35:54.189	153.279				2
2026.02.18	01:35:54.809	153.278				2
2026.02.18	01:35:55.126	153.279				2
2026.02.18	01:35:55.437	153.274	153.277			6
2026.02.18	01:35:56.057		153.278			4
2026.02.18	01:35:57.318	153.272				2
2026.02.18	01:35:58.640		153.279			4
2026.02.18	01:35:59.362	153.277	153.284			6
2026.02.18	01:35:59.675		153.283			4
2026.02.18	01:36:00.449	153.277				2
2026.02.18	01:36:01.129	153.276				2
2026.02.18	01:36:01.896	153.277	153.284			6
2026.02.18	01:36:04.563		153.283			4
2026.02.18	01:36:04.898		153.284			4
2026.02.18	01:36:07.399		153.283			4
2026.02.18	01:36:08.327	153.278				2
2026.02.18	01:36:08.638	153.280	153.285			6
2026.02.18	01:36:08.946	153.281	153.286			6
2026.02.18	01:36:09.261		153.285			4
2026.02.18	01:36:10.191		153.286			4
2026.02.18	01:36:11.125		153.285			4
2026.02.18	01:36:12.370	153.282				2
2026.02.18	01:36:13.296		153.284			4
2026.02.18	01:36:14.221	153.283				2
2026.02.18	01:36:15.145	153.281	153.282			6
2026.02.18	01:36:15.765	153.280	153.281			6
2026.02.18	01:36:16.073	153.281	153.282			6
2026.02.18	01:36:17.308	153.279	153.281			6
2026.02.18	01:36:18.237	153.280				2
2026.02.18	01:36:21.010	153.287	153.288			6
2026.02.18	01:36:21.323	153.285	153.286			6
2026.02.18	01:36:22.247	153.283	153.289			6
2026.02.18	01:36:22.679	153.285				2
2026.02.18	01:36:23.679	153.286				2
2026.02.18	01:36:24.415		153.290			4
2026.02.18	01:36:26.399	153.284				2
2026.02.18	01:36:27.269	153.285				2
2026.02.18	01:36:28.405		153.289			4
2026.02.18	01:36:28.711	153.286				2
2026.02.18	01:36:31.180		153.288			4
2026.02.18	01:36:32.413		153.287			4
2026.02.18	01:36:35.157	153.287	153.288			6
2026.02.18	01:36:35.469	153.285	153.286			6
2026.02.18	01:36:46.829	153.287	153.288			6
2026.02.18	01:36:51.406	153.286	153.287			6
2026.02.18	01:36:54.169	153.285	153.286			6
2026.02.18	01:36:56.621	153.286	153.287			6
2026.02.18	01:36:59.396	153.285	153.286			6
2026.02.18	01:37:00.007	153.285				2
2026.02.18	01:37:00.618	153.287	153.288			6
2026.02.18	01:37:01.535	153.288	153.289			6
2026.02.18	01:37:01.844	153.287	153.288			6
2026.02.18	01:37:03.997	153.285	153.286			6
2026.02.18	01:37:04.303	153.284	153.285			6
2026.02.18	01:37:07.366	153.285	153.286			6
2026.02.18	01:37:09.208	153.282	153.283			6
2026.02.18	01:37:09.514	153.279	153.280			6
2026.02.18	01:37:10.432	153.278	153.279			6
2026.02.18	01:37:11.045	153.277	153.278			6
2026.02.18	01:37:11.352		153.279			4
2026.02.18	01:37:13.192		153.278			4
2026.02.18	01:37:15.049	153.278	153.279			6
2026.02.18	01:37:17.513	153.277	153.278			6
2026.02.18	01:37:19.658	153.278	153.279			6
2026.02.18	01:37:19.967	153.277	153.278			6
2026.02.18	01:37:23.950	153.283	153.284			6
2026.02.18	01:37:25.180	153.281	153.286			6
2026.02.18	01:37:25.792	153.285	153.288			6
2026.02.18	01:37:26.420	153.284				2
2026.02.18	01:37:26.723		153.290			4
2026.02.18	01:37:27.661	153.285				2
2026.02.18	01:37:32.200	153.286	153.291			6
2026.02.18	01:37:35.295	153.287				2
2026.02.18	01:37:37.155	153.288				2
2026.02.18	01:37:38.089		153.290			4
2026.02.18	01:37:40.226	153.289				2
2026.02.18	01:37:40.536	153.287	153.288			6
2026.02.18	01:37:41.161	153.288	153.289			6
2026.02.18	01:37:42.085	153.295	153.296			6
2026.02.18	01:37:42.388	153.296	153.297			6
2026.02.18	01:37:43.319	153.294	153.301			6
2026.02.18	01:37:45.133	153.295	153.302			6
2026.02.18	01:37:46.282		153.301			4
2026.02.18	01:37:47.812	153.296				2
2026.02.18	01:37:49.053		153.302			4
2026.02.18	01:37:49.358	153.294	153.300			6
2026.02.18	01:37:49.664	153.295				2
2026.02.18	01:37:51.207		153.299			4
2026.02.18	01:37:52.155	153.296				2
2026.02.18	01:37:54.341		153.298			4
2026.02.18	01:37:55.264	153.297				2
2026.02.18	01:37:56.794	153.294	153.295			6
2026.02.18	01:37:57.097	153.293	153.294			6
2026.02.18	01:37:58.336	153.291	153.295			6
2026.02.18	01:37:59.267		153.294			4
2026.02.18	01:38:00.228	153.292				2
2026.02.18	01:38:01.143		153.293			4
2026.02.18	01:38:06.678	153.293	153.294			6
2026.02.18	01:38:09.747	153.294	153.295			6
2026.02.18	01:38:11.888	153.297	153.298			6
2026.02.18	01:38:12.499	153.296	153.297			6
2026.02.18	01:38:15.270	153.297	153.298			6
2026.02.18	01:38:20.191	153.296	153.297			6
2026.02.18	01:38:22.037	153.297	153.298			6
2026.02.18	01:38:25.425	153.298	153.299			6
2026.02.18	01:38:27.562	153.299	153.300			6
2026.02.18	01:38:27.869	153.298	153.299			6
2026.02.18	01:38:34.011	153.299	153.300			6
2026.02.18	01:38:34.320	153.298	153.299			6
2026.02.18	01:38:40.437	153.299	153.300			6
2026.02.18	01:38:45.972	153.298	153.299			6
2026.02.18	01:38:48.715	153.299	153.300			6
2026.02.18	01:38:52.699	153.296	153.297			6
2026.02.18	01:38:53.313	153.297	153.298			6
2026.02.18	01:38:54.240	153.295	153.297			6
2026.02.18	01:38:55.170	153.296				2
2026.02.18	01:38:57.929	153.297	153.298			6
2026.02.18	01:38:58.234	153.298	153.299			6
2026.02.18	01:38:59.155	153.297	153.300			6
2026.02.18	01:39:00.077	153.297				2
2026.02.18	01:39:00.381	153.298				2
2026.02.18	01:39:02.247		153.299			4
2026.02.18	01:39:05.002	153.299	153.300			6
2026.02.18	01:39:05.614	153.298	153.299			6
2026.02.18	01:39:06.539	153.299	153.300			6
2026.02.18	01:39:14.497	153.298	153.299			6
2026.02.18	01:39:37.774	153.297	153.298			6
2026.02.18	01:39:38.081	153.296	153.297			6
2026.02.18	01:39:39.001	153.295	153.296			6
2026.02.18	01:39:39.303	153.292				2
2026.02.18	01:39:41.176	153.293				2
2026.02.18	01:39:45.227	153.294				2
2026.02.18	01:39:48.342	153.295				2
2026.02.18	01:39:48.646	153.288	153.289			6
2026.02.18	01:39:48.953	153.278	153.279			6
2026.02.18	01:39:49.259	153.274				2
2026.02.18	01:39:50.198	153.281	153.287			6
2026.02.18	01:39:50.506	153.282				2
2026.02.18	01:39:55.215	153.283				2
2026.02.18	01:39:55.840		153.288			4
2026.02.18	01:39:56.156	153.284				2
2026.02.18	01:39:58.038		153.287			4
2026.02.18	01:39:59.288	153.285				2
2026.02.18	01:40:00.212	153.285				2
2026.02.18	01:40:01.777		153.289			4
2026.02.18	01:40:02.400	153.284	153.288			6
2026.02.18	01:40:03.326	153.285				2
2026.02.18	01:40:03.953		153.287			4
2026.02.18	01:40:04.257	153.281	153.282			6
2026.02.18	01:40:04.562	153.276	153.279			6
2026.02.18	01:40:04.869	153.277	153.280			6
2026.02.18	01:40:05.195	153.276				2
2026.02.18	01:40:05.509	153.275	153.276			6
2026.02.18	01:40:05.819	153.276	153.277			6
2026.02.18	01:40:06.451	153.273	153.278			6
2026.02.18	01:40:06.772	153.274	153.277			6
2026.02.18	01:40:07.393		153.278			4
2026.02.18	01:40:07.701		153.277			4
2026.02.18	01:40:08.004	153.272	153.275			6
2026.02.18	01:40:09.277	153.273				2
2026.02.18	01:40:09.896	153.272				2
2026.02.18	01:40:10.839	153.273	153.276			6
2026.02.18	01:40:11.145	153.277	153.279			6
2026.02.18	01:40:11.451	153.278	153.280			6
2026.02.18	01:40:13.931	153.276	153.279			6
2026.02.18	01:40:14.248	153.275	153.277			6
2026.02.18	01:40:16.396	153.276				2
2026.02.18	01:40:24.372	153.294	153.295			6
2026.02.18	01:40:25.295	153.288	153.294			6
2026.02.18	01:40:25.602	153.289				2
2026.02.18	01:40:26.239	153.287	153.293			6
2026.02.18	01:40:27.256	153.288	153.294			6
2026.02.18	01:40:27.561	153.289				2
2026.02.18	01:40:29.432		153.295			4
2026.02.18	01:40:30.050	153.290				2
2026.02.18	01:40:32.237	153.291				2
2026.02.18	01:40:33.164	153.295	153.299			6
2026.02.18	01:40:33.799	153.296	153.300			6
2026.02.18	01:40:34.104	153.297	153.301			6
2026.02.18	01:40:36.296		153.300			4
2026.02.18	01:40:37.238	153.298				2
2026.02.18	01:40:38.158		153.299			4
2026.02.18	01:40:38.459	153.297	153.298			6
2026.02.18	01:40:38.767	153.296	153.297			6
2026.02.18	01:40:50.136	153.297	153.298			6
2026.02.18	01:41:00.268	153.297				2
2026.02.18	01:41:01.501	153.298	153.299			6
2026.02.18	01:41:01.816	153.297	153.298			6
2026.02.18	01:41:02.122	153.298	153.299			6
2026.02.18	01:41:05.202	153.297	153.298			6
2026.02.18	01:41:09.197	153.298	153.299			6
2026.02.18	01:41:10.431	153.297	153.298			6
2026.02.18	01:41:16.260	153.305	153.306			6
2026.02.18	01:41:16.570	153.307	153.308			6
2026.02.18	01:41:16.873	153.306	153.307			6
2026.02.18	01:41:17.177	153.304	153.308			6
2026.02.18	01:41:18.108	153.305				2
2026.02.18	01:41:19.367		153.307			4
2026.02.18	01:41:21.238	153.306				2
2026.02.18	01:41:23.081	153.307	153.308			6
2026.02.18	01:41:24.301	153.302	153.303			6
2026.02.18	01:41:25.217	153.301				2
2026.02.18	01:41:27.383	153.302				2
2026.02.18	01:41:33.525	153.303	153.304			6
2026.02.18	01:41:33.828	153.302	153.303			6
2026.02.18	01:41:38.114	153.303	153.304			6
2026.02.18	01:41:38.418	153.302	153.303			6
2026.02.18	01:42:00.200	153.302				2
2026.02.18	01:42:03.258	153.301	153.302			6
2026.02.18	01:42:04.207	153.302	153.303			6
2026.02.18	01:42:06.963	153.301	153.302			6
2026.02.18	01:42:38.627	153.300	153.301			6
2026.02.18	01:42:44.824	153.301	153.302			6
2026.02.18	01:42:46.346	153.299	153.300			6
2026.02.18	01:42:47.269	153.298				2
2026.02.18	01:42:48.822	153.299	153.301			6
2026.02.18	01:42:49.140	153.300				2
2026.02.18	01:42:49.764	153.299	153.300			6
2026.02.18	01:42:50.706	153.298	153.299			6
2026.02.18	01:42:51.646	153.300	153.301			6
2026.02.18	01:42:52.892	153.299	153.300			6
2026.02.18	01:42:53.197	153.298				2
2026.02.18	01:42:54.137	153.299				2
2026.02.18	01:42:59.117	153.300	153.301			6
2026.02.18	01:42:59.425	153.299	153.300			6
2026.02.18	01:43:00.057	153.299				2
2026.02.18	01:43:00.989	153.300	153.301			6
2026.02.18	01:43:10.286	153.299	153.300			6
2026.02.18	01:43:11.851	153.298	153.299			6
2026.02.18	01:43:13.400		153.300			4
2026.02.18	01:43:14.343		153.299			4
2026.02.18	01:43:15.570	153.297	153.298			6
2026.02.18	01:43:20.204	153.298	153.299			6
2026.02.18	01:43:21.140	153.297	153.298			6
2026.02.18	01:43:21.447	153.298	153.299			6
2026.02.18	01:43:24.509	153.297	153.298			6
2026.02.18	01:43:28.255		153.299			4
2026.02.18	01:43:29.197		153.298			4
2026.02.18	01:43:34.791	153.298	153.299			6
2026.02.18	01:43:35.708	153.297	153.298			6
2026.02.18	01:43:41.301	153.298	153.299			6
2026.02.18	01:43:44.440	153.299	153.300			6
2026.02.18	01:43:44.748	153.298	153.299			6
2026.02.18	01:43:49.973	153.294	153.295			6
2026.02.18	01:43:50.279	153.293	153.294			6
2026.02.18	01:43:51.217	153.289	153.295			6
2026.02.18	01:43:52.994	153.288	153.294			6
2026.02.18	01:43:54.118	153.289				2
2026.02.18	01:43:55.373	153.288				2
2026.02.18	01:43:59.394	153.289				2
2026.02.18	01:44:00.013	153.289				2
2026.02.18	01:44:02.177		153.293			4
2026.02.18	01:44:02.484	153.290	153.294			6
2026.02.18	01:44:04.334		153.293			4
2026.02.18	01:44:05.274	153.291				2
2026.02.18	01:44:07.157	153.292				2
2026.02.18	01:44:08.381	153.291	153.292			6
2026.02.18	01:44:09.617	153.290	153.291			6
2026.02.18	01:44:09.926	153.289	153.290			6
2026.02.18	01:44:11.150	153.286				2
2026.02.18	01:44:14.273	153.287				2
2026.02.18	01:44:15.519	153.286	153.289			6
2026.02.18	01:44:15.825	153.285	153.288			6
2026.02.18	01:44:17.377		153.289			4
2026.02.18	01:44:19.252		153.288			4
2026.02.18	01:44:20.195	153.288	153.289			6
2026.02.18	01:44:20.496	153.287				2
2026.02.18	01:44:21.435	153.286	153.288			6
2026.02.18	01:44:22.351		153.287			4
2026.02.18	01:44:24.205	153.287	153.288			6
2026.02.18	01:44:24.818	153.286	153.287			6
2026.02.18	01:44:27.262	153.287	153.288			6
2026.02.18	01:44:27.572	153.286	153.287			6
2026.02.18	01:44:43.498	153.293	153.294			6
2026.02.18	01:44:43.803	153.295	153.296			6
2026.02.18	01:44:44.122	153.290				2
2026.02.18	01:44:44.609		153.295			4
2026.02.18	01:44:49.080	153.291	153.297			6
2026.02.18	01:44:49.930	153.285	153.290			6
2026.02.18	01:44:53.052	153.284				2
2026.02.18	01:44:55.337	153.285				2
2026.02.18	01:44:58.149	153.286				2
2026.02.18	01:45:00.027	153.286				2
2026.02.18	01:45:01.260	153.287				2
2026.02.18	01:45:01.567	153.285	153.289			6
2026.02.18	01:45:02.189	153.283	153.287			6
2026.02.18	01:45:03.114	153.284				2
2026.02.18	01:45:03.740	153.286	153.288			6
2026.02.18	01:45:05.625	153.287	153.290			6
2026.02.18	01:45:06.257		153.289			4
2026.02.18	01:45:06.877	153.286	153.288			6
2026.02.18	01:45:08.104	153.287				2
2026.02.18	01:45:10.873	153.285	153.286			6
2026.02.18	01:45:16.386	153.287	153.288			6
2026.02.18	01:45:16.693	153.288	153.289			6
2026.02.18	01:45:28.947	153.287	153.288			6
2026.02.18	01:45:29.869	153.288	153.289			6
2026.02.18	01:45:30.176	153.287	153.288			6
2026.02.18	01:45:34.179	153.282	153.283			6
2026.02.18	01:45:34.480	153.275	153.276			6
2026.02.18	01:45:35.393	153.272	153.278			6
2026.02.18	01:45:35.702		153.279			4
2026.02.18	01:45:36.764	153.273	153.280			6
2026.02.18	01:45:37.224		153.278			4
2026.02.18	01:45:39.702	153.274	153.279			6
2026.02.18	01:45:40.796		153.278			4
2026.02.18	01:45:42.031	153.273	153.279			6
2026.02.18	01:45:42.667	153.274				2
