<DATE>	<TIME>	<BID>	<ASK>	<LAST>	<VOLUME>	<FLAGS>
2026.01.20	00:03:30.788	157.986	158.178			6
2026.01.20	00:04:00.298	157.986				2
2026.01.20	00:04:31.069		158.178			4
2026.01.20	00:05:00.269	157.987	158.179			6
2026.01.20	00:05:00.582	157.989	158.180			6
2026.01.20	00:05:02.123	157.996	158.184			6
2026.01.20	00:05:06.141	157.997				2
2026.01.20	00:05:38.550	157.996				2
2026.01.20	00:05:40.709		158.186			4
2026.01.20	00:05:44.094		158.185			4
2026.01.20	00:05:44.402		158.184			4
2026.01.20	00:06:00.099	157.996				2
2026.01.20	00:06:00.410	157.997				2
2026.01.20	00:06:05.637	157.996				2
2026.01.20	00:06:08.722	157.995				2
2026.01.20	00:06:16.734	157.994				2
2026.01.20	00:06:21.347	157.995				2
2026.01.20	00:06:29.383	157.994				2
2026.01.20	00:06:36.486	157.993	158.183			6
2026.01.20	00:06:47.916		158.180			4
2026.01.20	00:06:51.622		158.183			4
2026.01.20	00:07:00.274	157.993				2
2026.01.20	00:07:00.894	157.994	158.179			6
2026.01.20	00:07:11.406	157.993	158.180			6
2026.01.20	00:07:38.648	157.991	158.182			6
2026.01.20	00:07:43.584	157.992	158.184			6
2026.01.20	00:07:43.889		158.183			4
2026.01.20	00:07:47.286	157.993	158.182			6
2026.01.20	00:07:57.206	157.995	158.179			6
2026.01.20	00:08:00.309	157.995				2
2026.01.20	00:08:23.177	157.992	158.180			6
2026.01.20	00:08:35.242		158.181			4
2026.01.20	00:08:38.959	157.993	158.182			6
2026.01.20	00:08:51.040	157.992	158.181			6
2026.01.20	00:09:00.034	157.992				2
2026.01.20	00:09:00.665		158.182			4
2026.01.20	00:09:05.309	157.993	158.180			6
2026.01.20	00:09:26.112	158.058	158.177			6
2026.01.20	00:09:27.256	158.063				2
2026.01.20	00:09:34.096	158.028	158.170			6
2026.01.20	00:09:53.426	158.048	158.183			6
2026.01.20	00:09:54.345	158.081				2
2026.01.20	00:09:54.653	158.048	158.169			6
2026.01.20	00:09:55.678	158.081	158.183			6
2026.01.20	00:09:56.702	158.048	158.169			6
2026.01.20	00:09:57.715	158.081	158.183			6
2026.01.20	00:09:58.190	158.048				2
2026.01.20	00:10:00.376	158.048				2
2026.01.20	00:10:02.812		158.184			4
2026.01.20	00:10:03.421		158.182			4
2026.01.20	00:10:12.001	158.042				2
2026.01.20	00:10:33.311		158.183			4
2026.01.20	00:10:37.967	158.041				2
2026.01.20	00:11:00.258	158.041				2
2026.01.20	00:11:05.816	158.046	158.182			6
2026.01.20	00:11:07.267	158.048				2
2026.01.20	00:11:07.786	158.042	158.183			6
2026.01.20	00:11:08.713	158.048	158.182			6
2026.01.20	00:11:13.984	158.042				2
2026.01.20	00:11:14.916	158.048				2
2026.01.20	00:11:17.968		158.181			4
2026.01.20	00:11:18.277		158.182			4
2026.01.20	00:11:20.277	158.042				2
2026.01.20	00:11:21.209	158.048	158.181			6
2026.01.20	00:11:26.465	158.041	158.184			6
2026.01.20	00:11:27.390	158.048	158.181			6
2026.01.20	00:11:32.793	158.041	158.184			6
2026.01.20	00:11:33.721	158.048	158.181			6
2026.01.20	00:11:34.189		158.180			4
2026.01.20	00:11:46.790		158.179			4
2026.01.20	00:12:00.290	158.048				2
2026.01.20	00:12:01.491		158.178			4
2026.01.20	00:12:16.492		158.177			4
2026.01.20	00:12:30.890		158.176			4
2026.01.20	00:12:49.791		158.175			4
2026.01.20	00:13:03.481	158.048				2
2026.01.20	00:13:11.090		158.174			4
2026.01.20	00:13:16.790		158.175			4
2026.01.20	00:13:22.790		158.174			4
2026.01.20	00:13:48.890		158.173			4
2026.01.20	00:14:02.090	158.048				2
2026.01.20	00:14:20.529	158.049				2
2026.01.20	00:14:24.292		158.172			4
2026.01.20	00:15:00.529	158.049				2
2026.01.20	00:15:04.793		158.171			4
2026.01.20	00:15:21.705	158.055	158.172			6
2026.01.20	00:15:22.310		158.159			4
2026.01.20	00:15:24.149		158.172			4
2026.01.20	00:15:25.030	158.049	158.170			6
2026.01.20	00:15:25.791		158.169			4
2026.01.20	00:15:30.528	158.050				2
2026.01.20	00:15:48.500		158.166			4
2026.01.20	00:15:56.264		158.168			4
2026.01.20	00:16:00.529	158.050				2
2026.01.20	00:16:59.390		158.168			4
2026.01.20	00:17:00.528	158.050				2
2026.01.20	00:17:11.691		158.169			4
2026.01.20	00:17:20.527	158.051				2
2026.01.20	00:18:00.529	158.051				2
2026.01.20	00:18:11.990		158.169			4
2026.01.20	00:19:00.290	158.051				2
2026.01.20	00:19:18.889		158.169			4
2026.01.20	00:19:50.527	158.052				2
2026.01.20	00:20:00.528	158.052				2
2026.01.20	00:20:19.190		158.169			4
2026.01.20	00:20:20.189	158.051				2
2026.01.20	00:20:30.528	158.052				2
2026.01.20	00:21:00.529	158.052				2
2026.01.20	00:21:08.691		158.168			4
2026.01.20	00:22:08.246	158.052				2
2026.01.20	00:22:09.399		158.168			4
2026.01.20	00:23:00.170	158.052				2
2026.01.20	00:23:10.195		158.168			4
2026.01.20	00:24:00.530	158.052				2
2026.01.20	00:24:15.589		158.168			4
2026.01.20	00:24:45.582	158.071				2
2026.01.20	00:24:46.192	158.072				2
2026.01.20	00:24:48.633	158.071				2
2026.01.20	00:24:53.893	158.070				2
2026.01.20	00:24:54.823	158.072				2
2026.01.20	00:24:56.059		158.166			4
2026.01.20	00:25:00.075	158.072				2
2026.01.20	00:25:03.156	158.073				2
2026.01.20	00:25:03.465	158.070				2
2026.01.20	00:25:03.776	158.071				2
2026.01.20	00:25:12.730	158.074				2
2026.01.20	00:25:23.230	158.075				2
2026.01.20	00:25:33.426	158.073				2
2026.01.20	00:25:39.900	158.067	158.153			6
2026.01.20	00:25:40.821	158.066				2
2026.01.20	00:25:41.124	158.065				2
2026.01.20	00:25:41.434	158.064				2
2026.01.20	00:25:42.053	158.067	158.152			6
2026.01.20	00:25:48.794	158.039	158.141			6
2026.01.20	00:25:49.114	158.037				2
2026.01.20	00:25:49.729	158.039				2
2026.01.20	00:25:50.037	158.042				2
2026.01.20	00:25:52.821	158.040				2
2026.01.20	00:25:55.592	158.046				2
2026.01.20	00:25:58.377	158.048				2
2026.01.20	00:26:00.235	158.048				2
2026.01.20	00:26:02.393		158.147			4
2026.01.20	00:26:03.317		158.141			4
2026.01.20	00:26:06.719	158.049				2
2026.01.20	00:26:11.045	158.044				2
2026.01.20	00:26:13.207	158.045				2
2026.01.20	00:26:23.082	158.044				2
2026.01.20	00:26:25.248	158.047				2
2026.01.20	00:26:25.863		158.140			4
2026.01.20	00:26:33.279	158.043				2
2026.01.20	00:26:35.442	158.048				2
2026.01.20	00:26:42.551	158.049				2
2026.01.20	00:26:43.476	158.048				2
2026.01.20	00:26:49.037	158.045	158.138			6
2026.01.20	00:26:50.889	158.046				2
2026.01.20	00:27:00.159	158.046				2
2026.01.20	00:27:07.889	158.045				2
2026.01.20	00:27:09.122	158.046				2
2026.01.20	00:27:14.679	158.045				2
2026.01.20	00:27:16.529	158.044				2
2026.01.20	00:27:20.238	158.039				2
2026.01.20	00:27:20.551	158.042				2
2026.01.20	00:27:31.077	158.046				2
2026.01.20	00:27:35.101	158.047				2
2026.01.20	00:27:49.322		158.138			4
2026.01.20	00:27:59.521	158.041	158.132			6
2026.01.20	00:27:59.831	158.042				2
2026.01.20	00:28:00.141	158.042				2
2026.01.20	00:28:00.761	158.043				2
2026.01.20	00:28:03.538	158.045				2
2026.01.20	00:28:04.476	158.044				2
2026.01.20	00:28:09.725	158.045				2
2026.01.20	00:28:11.579	158.044				2
2026.01.20	00:28:14.361	158.045				2
2026.01.20	00:28:22.384		158.131			4
2026.01.20	00:28:24.865	158.044				2
2026.01.20	00:28:35.048	158.045				2
2026.01.20	00:28:40.937	158.039				2
2026.01.20	00:28:41.557	158.042				2
2026.01.20	00:28:47.117	158.041				2
2026.01.20	00:28:50.209	158.059				2
2026.01.20	00:28:50.530	158.041				2
2026.01.20	00:28:50.847	158.059				2
2026.01.20	00:28:51.362	158.041				2
2026.01.20	00:28:51.670	158.059				2
2026.01.20	00:28:52.717	158.041				2
2026.01.20	00:28:53.029	158.059				2
2026.01.20	00:28:53.402	158.041				2
2026.01.20	00:28:53.707	158.059				2
2026.01.20	00:28:54.220	158.041				2
2026.01.20	00:28:59.169		158.130			4
2026.01.20	00:29:00.089	158.041				2
2026.01.20	00:29:08.737	158.042				2
2026.01.20	00:29:35.633		158.129			4
2026.01.20	00:29:46.138	158.043				2
2026.01.20	00:30:00.042	158.043				2
2026.01.20	00:30:03.437	158.045				2
2026.01.20	00:30:09.303	158.046				2
2026.01.20	00:30:14.547	158.047				2
2026.01.20	00:30:16.393		158.128			4
2026.01.20	00:30:17.323	158.045				2
2026.01.20	00:30:26.277	158.043				2
2026.01.20	00:30:28.119	158.044	158.125			6
2026.01.20	00:30:28.739	158.045				2
2026.01.20	00:30:29.045	158.044				2
2026.01.20	00:30:31.825	158.043				2
2026.01.20	00:30:33.988	158.044				2
2026.01.20	00:30:38.006		158.124			4
2026.01.20	00:30:44.476	158.043				2
2026.01.20	00:30:50.956		158.123			4
2026.01.20	00:31:00.211	158.043				2
2026.01.20	00:31:00.828	158.044				2
2026.01.20	00:31:03.907		158.124			4
2026.01.20	00:31:13.482	158.043				2
2026.01.20	00:31:15.327		158.123			4
2026.01.20	00:31:16.863	158.044				2
2026.01.20	00:31:17.481		158.124			4
2026.01.20	00:31:22.716	158.045				2
2026.01.20	00:31:24.258	158.043	158.122			6
2026.01.20	00:31:24.560		158.123			4
2026.01.20	00:31:24.866	158.044				2
2026.01.20	00:31:29.487	158.040	158.126			6
2026.01.20	00:31:40.283	158.042	158.125			6
2026.01.20	00:31:40.589	158.043				2
2026.01.20	00:31:41.517	158.044	158.123			6
2026.01.20	00:31:48.602	158.043				2
2026.01.20	00:31:54.774	158.044				2
2026.01.20	00:32:00.010	158.044				2
2026.01.20	00:32:01.543		158.122			4
2026.01.20	00:32:11.725	158.043				2
2026.01.20	00:32:23.445	158.044	158.124			6
2026.01.20	00:32:29.297	158.045				2
2026.01.20	00:32:29.914	158.044	158.125			6
2026.01.20	00:32:31.772	158.045				2
2026.01.20	00:32:37.009	158.044				2
2026.01.20	00:32:37.932	158.045				2
2026.01.20	00:32:38.547	158.044				2
2026.01.20	00:32:40.710	158.045				2
2026.01.20	00:32:41.633		158.123			4
2026.01.20	00:32:42.868	158.044				2
2026.01.20	00:32:45.332	158.045				2
2026.01.20	00:32:46.263	158.044	158.121			6
2026.01.20	00:32:48.115	158.043				2
2026.01.20	00:32:48.423	158.045	158.118			6
2026.01.20	00:32:53.658	158.044	158.122			6
2026.01.20	00:32:55.200		158.123			4
2026.01.20	00:32:56.430	158.038	158.120			6
2026.01.20	00:32:56.738	158.039				2
2026.01.20	00:32:58.279	158.041	158.118			6
2026.01.20	00:32:59.517	158.042				2
2026.01.20	00:33:00.134	158.042				2
2026.01.20	00:33:01.367	158.037	158.114			6
2026.01.20	00:33:01.983	158.038				2
2026.01.20	00:33:03.828	158.040	158.113			6
2026.01.20	00:33:06.609		158.114			4
2026.01.20	00:33:06.918	158.041	158.115			6
2026.01.20	00:33:09.074		158.116			4
2026.01.20	00:33:09.379	158.042				2
2026.01.20	00:33:10.610	158.041				2
2026.01.20	00:33:10.919	158.042				2
2026.01.20	00:33:12.463		158.117			4
2026.01.20	00:33:14.313		158.116			4
2026.01.20	00:33:19.238	158.041	158.112			6
2026.01.20	00:33:19.549	158.055	158.125			6
2026.01.20	00:33:20.314	158.056				2
2026.01.20	00:33:24.592		158.124			4
2026.01.20	00:33:28.490		158.125			4
2026.01.20	00:33:38.393		158.124			4
2026.01.20	00:33:50.528	158.057				2
2026.01.20	00:33:51.301	158.059	158.126			6
2026.01.20	00:33:54.509		158.127			4
2026.01.20	00:33:55.318	158.068	158.131			6
2026.01.20	00:34:00.529	158.068				2
2026.01.20	00:34:12.015	158.075	158.139			6
2026.01.20	00:34:14.092		158.140			4
2026.01.20	00:34:19.257	158.068	158.120			6
2026.01.20	00:34:28.490	158.075	158.138			6
2026.01.20	00:34:30.529	158.076				2
2026.01.20	00:34:36.509		158.139			4
2026.01.20	00:34:37.792		158.138			4
2026.01.20	00:34:39.509		158.139			4
2026.01.20	00:34:49.193		158.140			4
2026.01.20	00:34:52.790		158.139			4
2026.01.20	00:34:59.513		158.138			4
2026.01.20	00:35:00.305	158.076				2
2026.01.20	00:35:01.362		158.139			4
2026.01.20	00:35:08.389		158.138			4
2026.01.20	00:35:09.510		158.139			4
2026.01.20	00:35:20.993		158.138			4
2026.01.20	00:35:28.492		158.137			4
2026.01.20	00:35:34.490	158.077				2
2026.01.20	00:35:42.130	158.078	158.141			6
2026.01.20	00:35:43.556	158.077				2
2026.01.20	00:36:00.529	158.077				2
2026.01.20	00:36:10.190		158.140			4
2026.01.20	00:36:28.574		158.139			4
2026.01.20	00:37:07.790	158.077				2
2026.01.20	00:37:29.390		158.139			4
2026.01.20	00:38:01.192	158.077				2
2026.01.20	00:38:02.341	158.080	158.140			6
2026.01.20	00:38:05.392	158.079	158.141			6
2026.01.20	00:38:13.490		158.140			4
2026.01.20	00:38:40.493	158.080				2
2026.01.20	00:38:49.611	158.079				2
2026.01.20	00:38:57.292	158.080				2
2026.01.20	00:39:00.529	158.080				2
2026.01.20	00:39:15.652		158.140			4
2026.01.20	00:39:20.320	158.079	158.137			6
2026.01.20	00:39:25.527		158.138			4
2026.01.20	00:39:28.563	158.078				2
2026.01.20	00:39:31.790		158.139			4
2026.01.20	00:39:34.490		158.138			4
2026.01.20	00:39:42.527		158.139			4
2026.01.20	00:39:43.521		158.138			4
2026.01.20	00:40:03.509	158.078	158.139			6
2026.01.20	00:40:32.391		158.138			4
2026.01.20	00:40:41.135	158.077	158.135			6
2026.01.20	00:40:42.335		158.136			4
2026.01.20	00:40:53.626		158.137			4
2026.01.20	00:40:54.890		158.138			4
2026.01.20	00:41:00.891	158.077				2
2026.01.20	00:41:18.291		158.137			4
2026.01.20	00:41:28.578	158.076				2
2026.01.20	00:41:34.104		158.138			4
2026.01.20	00:41:55.732	158.079				2
2026.01.20	00:42:00.590	158.079				2
2026.01.20	00:42:20.529	158.078				2
2026.01.20	00:42:34.554		158.138			4
2026.01.20	00:42:49.832		158.135			4
2026.01.20	00:42:58.560	158.076	158.137			6
2026.01.20	00:43:00.293	158.076				2
2026.01.20	00:43:01.791		158.138			4
2026.01.20	00:43:11.091		158.137			4
2026.01.20	00:43:13.629	158.078				2
2026.01.20	00:43:23.729	158.076				2
2026.01.20	00:43:28.628	158.078				2
2026.01.20	00:43:38.949	158.076				2
2026.01.20	00:43:43.633	158.078				2
2026.01.20	00:43:53.752	158.076				2
2026.01.20	00:44:08.562	158.076				2
2026.01.20	00:44:14.090		158.137			4
2026.01.20	00:44:24.115		158.136			4
2026.01.20	00:44:28.626	158.079				2
2026.01.20	00:44:34.491	158.078	158.137			6
2026.01.20	00:44:37.794	158.077	158.138			6
2026.01.20	00:44:38.932	158.076				2
2026.01.20	00:44:39.511	158.093				2
2026.01.20	00:44:39.860	158.076				2
2026.01.20	00:44:40.908	158.093				2
2026.01.20	00:44:41.967	158.076				2
2026.01.20	00:44:43.629	158.077				2
2026.01.20	00:44:50.991	158.078	158.137			6
2026.01.20	00:44:53.810	158.076				2
2026.01.20	00:44:58.627	158.078				2
2026.01.20	00:45:03.125	158.070	158.164			6
2026.01.20	00:45:06.524	158.078	158.137			6
2026.01.20	00:45:09.023	158.076				2
2026.01.20	00:45:14.832	158.090	158.123			6
2026.01.20	00:46:00.593	158.090				2
2026.01.20	00:46:20.992		158.123			4
2026.01.20	00:47:03.172	158.082	158.148			6
2026.01.20	00:47:06.557	158.090	158.123			6
2026.01.20	00:47:22.723	158.091				2
2026.01.20	00:47:41.552		158.124			4
2026.01.20	00:47:47.697		158.123			4
2026.01.20	00:47:51.057	158.090				2
2026.01.20	00:47:52.491		158.124			4
2026.01.20	00:47:53.975	158.089				2
2026.01.20	00:47:58.635	158.090				2
2026.01.20	00:48:08.093	158.090	158.123			6
2026.01.20	00:48:08.789	158.089				2
2026.01.20	00:48:13.629	158.090				2
2026.01.20	00:48:24.004	158.089				2
2026.01.20	00:49:00.530	158.089				2
2026.01.20	00:49:08.636		158.123			4
2026.01.20	00:49:27.329	158.091	158.121			6
2026.01.20	00:49:40.242	158.090				2
2026.01.20	00:49:41.563		158.122			4
2026.01.20	00:49:43.632	158.091				2
2026.01.20	00:49:44.074	158.090				2
2026.01.20	00:49:45.097	158.089	158.123			6
2026.01.20	00:49:46.370	158.091	158.122			6
2026.01.20	00:49:48.562	158.090	158.123			6
2026.01.20	00:49:53.689	158.088				2
2026.01.20	00:49:55.492		158.124			4
2026.01.20	00:49:58.632	158.089				2
2026.01.20	00:50:00.530	158.089				2
2026.01.20	00:50:08.899	158.088				2
2026.01.20	00:50:28.632	158.089				2
2026.01.20	00:50:38.929	158.088				2
2026.01.20	00:50:58.639		158.124			4
2026.01.20	00:51:01.385	158.088				2
2026.01.20	00:51:09.755	158.089				2
2026.01.20	00:52:03.293	158.089	158.124			6
2026.01.20	00:53:00.529	158.089				2
2026.01.20	00:53:07.228		158.124			4
2026.01.20	00:53:14.757	158.090				2
2026.01.20	00:53:20.965	158.091	158.121			6
2026.01.20	00:53:28.575	158.090				2
2026.01.20	00:53:29.759		158.122			4
2026.01.20	00:53:39.571	158.089	158.123			6
2026.01.20	00:53:43.634	158.090	158.124			6
2026.01.20	00:53:53.917	158.087				2
2026.01.20	00:54:00.893	158.087				2
2026.01.20	00:54:09.759	158.088				2
2026.01.20	00:54:13.575	158.090	158.123			6
2026.01.20	00:54:23.940	158.087				2
2026.01.20	00:54:25.667	158.091				2
2026.01.20	00:55:00.528	158.091				2
2026.01.20	00:55:13.690		158.123			4
2026.01.20	00:55:42.893		158.124			4
2026.01.20	00:56:00.531	158.091				2
2026.01.20	00:56:15.790		158.125			4
2026.01.20	00:56:16.398		158.126			4
2026.01.20	00:56:32.093		158.127			4
2026.01.20	00:56:33.423	158.090				2
2026.01.20	00:56:44.683		158.128			4
2026.01.20	00:56:49.701		158.129			4
2026.01.20	00:57:00.529	158.090				2
2026.01.20	00:57:13.045	158.092				2
2026.01.20	00:57:15.045	158.091				2
2026.01.20	00:57:25.493		158.128			4
2026.01.20	00:57:31.654		158.129			4
2026.01.20	00:57:54.310	158.090				2
2026.01.20	00:58:10.200	158.090				2
2026.01.20	00:58:34.484		158.129			4
2026.01.20	00:58:43.860	158.088				2
2026.01.20	00:58:49.179		158.130			4
2026.01.20	00:58:58.562	158.084	158.118			6
2026.01.20	00:58:59.759	158.089				2
2026.01.20	00:59:00.457	158.090				2
2026.01.20	00:59:10.019	158.088	158.128			6
2026.01.20	00:59:10.332		158.129			4
2026.01.20	00:59:17.594		158.130			4
2026.01.20	00:59:25.138	158.084	158.118			6
2026.01.20	00:59:31.179	158.090	158.117			6
2026.01.20	00:59:32.631	158.091				2
2026.01.20	00:59:39.891		158.119			4
2026.01.20	00:59:41.358	158.090	158.128			6
2026.01.20	00:59:42.716	158.086	158.119			6
2026.01.20	00:59:43.797	158.091				2
2026.01.20	00:59:46.184	158.092				2
2026.01.20	00:59:50.528		158.118			4
2026.01.20	00:59:52.972	158.090	158.128			6
2026.01.20	00:59:57.595	158.085	158.118			6
2026.01.20	01:00:00.304	158.114	158.119			6
2026.01.20	01:00:00.798	158.111	158.124			6
2026.01.20	01:00:01.110	158.109	158.122			6
2026.01.20	01:00:01.413		158.117			4
2026.01.20	01:00:01.720	158.113				2
2026.01.20	01:00:02.024		158.126			4
2026.01.20	01:00:02.331	158.117	158.130			6
2026.01.20	01:00:02.645	158.116	158.129			6
2026.01.20	01:00:02.948	158.105	158.125			6
2026.01.20	01:00:03.255	158.109				2
2026.01.20	01:00:03.560		158.155			4
2026.01.20	01:00:05.096	158.103	158.158			6
2026.01.20	01:00:05.398	158.106	158.160			6
2026.01.20	01:00:05.712	158.105				2
2026.01.20	01:00:06.019	158.104				2
2026.01.20	01:00:06.338	158.103				2
2026.01.20	01:00:06.641		158.159			4
2026.01.20	01:00:06.960	158.109	158.127			6
2026.01.20	01:00:07.373	158.112	158.126			6
2026.01.20	01:00:07.687		158.127			4
2026.01.20	01:00:08.037	158.107	158.159			6
2026.01.20	01:00:08.339	158.112				2
2026.01.20	01:00:08.662	158.108				2
2026.01.20	01:00:08.969		158.127			4
2026.01.20	01:00:09.482		158.158			4
2026.01.20	01:00:10.192	158.112	158.127			6
2026.01.20	01:00:13.323	158.115	158.147			6
2026.01.20	01:00:14.305		158.129			4
2026.01.20	01:00:15.020	158.113	158.156			6
2026.01.20	01:00:15.324	158.114	158.157			6
2026.01.20	01:00:15.634		158.133			4
2026.01.20	01:00:16.254	158.112				2
2026.01.20	01:00:16.875	158.113				2
2026.01.20	01:00:17.494		158.137			4
2026.01.20	01:00:18.307	158.112				2
2026.01.20	01:00:21.292		158.148			4
2026.01.20	01:00:21.916	158.113	158.137			6
2026.01.20	01:00:26.854	158.132				2
2026.01.20	01:00:27.157		158.135			4
2026.01.20	01:00:27.768		158.134			4
2026.01.20	01:00:28.078		158.137			4
2026.01.20	01:00:28.386		158.136			4
2026.01.20	01:00:29.001	158.133	158.137			6
2026.01.20	01:00:29.310	158.132	158.136			6
2026.01.20	01:00:29.613		158.137			4
2026.01.20	01:00:29.919	158.113	158.141			6
2026.01.20	01:00:30.221	158.114				2
2026.01.20	01:00:30.524	158.116				2
2026.01.20	01:00:30.845	158.115				2
2026.01.20	01:00:31.164	158.114				2
2026.01.20	01:00:31.479	158.116				2
2026.01.20	01:00:32.408	158.115				2
2026.01.20	01:00:34.255	158.154	158.166			6
2026.01.20	01:00:34.558		158.162			4
2026.01.20	01:00:34.883	158.134	158.149			6
2026.01.20	01:00:35.198	158.138	158.145			6
2026.01.20	01:00:37.060	158.139	158.146			6
2026.01.20	01:00:37.363		158.145			4
2026.01.20	01:00:39.520	158.136	158.142			6
2026.01.20	01:00:39.826	158.122	158.145			6
2026.01.20	01:00:40.132	158.130	158.149			6
2026.01.20	01:00:40.573	158.144	158.146			6
2026.01.20	01:00:43.330	158.145				2
2026.01.20	01:00:49.766	158.146	158.147			6
2026.01.20	01:00:54.377	158.147	158.148			6
2026.01.20	01:00:54.679	158.146	158.147			6
2026.01.20	01:00:55.293	158.147	158.148			6
2026.01.20	01:00:55.598	158.146	158.147			6
2026.01.20	01:00:56.217	158.144	158.145			6
2026.01.20	01:00:56.529	158.142	158.143			6
2026.01.20	01:00:56.834	158.141	158.142			6
2026.01.20	01:00:57.145	158.144	158.145			6
2026.01.20	01:00:57.452	158.140	158.158			6
2026.01.20	01:00:58.400	158.148	158.149			6
2026.01.20	01:00:59.316	158.149	158.150			6
2026.01.20	01:00:59.622	158.150	158.151			6
2026.01.20	01:01:00.241	158.140	158.141			6
2026.01.20	01:01:00.546	158.141	158.142			6
2026.01.20	01:01:01.467	158.142	158.143			6
2026.01.20	01:01:03.627	158.143	158.144			6
2026.01.20	01:01:13.157	158.147	158.148			6
2026.01.20	01:01:13.463	158.137	158.138			6
2026.01.20	01:01:14.983	158.134	158.135			6
2026.01.20	01:01:15.298	158.133	158.134			6
2026.01.20	01:01:23.912	158.132	158.133			6
2026.01.20	01:01:24.824	158.123	158.124			6
2026.01.20	01:01:25.429	158.124	158.125			6
2026.01.20	01:01:26.659	158.123	158.124			6
2026.01.20	01:01:29.425	158.124	158.125			6
2026.01.20	01:01:36.808	158.123	158.124			6
2026.01.20	01:01:39.577	158.124	158.125			6
2026.01.20	01:01:57.352	158.141	158.142			6
2026.01.20	01:01:58.283	158.142	158.143			6
2026.01.20	01:02:00.119	158.142				2
2026.01.20	01:02:05.337	158.141	158.142			6
2026.01.20	01:02:06.251	158.142	158.143			6
2026.01.20	01:02:20.717	158.143	158.144			6
2026.01.20	01:02:30.852	158.142	158.143			6
2026.01.20	01:02:32.694	158.141	158.142			6
2026.01.20	01:02:48.031	158.142	158.143			6
2026.01.20	01:03:00.301	158.142				2
2026.01.20	01:03:00.920	158.140	158.141			6
2026.01.20	01:03:02.752	158.139	158.140			6
2026.01.20	01:03:03.374	158.140	158.141			6
2026.01.20	01:03:04.909	158.147	158.148			6
2026.01.20	01:03:05.213	158.146	158.147			6
2026.01.20	01:03:06.129	158.145	158.146			6
2026.01.20	01:03:10.126	158.146	158.147			6
2026.01.20	01:03:15.027	158.147	158.148			6
2026.01.20	01:03:17.786	158.150	158.151			6
2026.01.20	01:03:20.545	158.148	158.149			6
2026.01.20	01:03:21.464	158.147	158.148			6
2026.01.20	01:03:24.839	158.146	158.147			6
2026.01.20	01:03:25.141	158.147	158.148			6
2026.01.20	01:03:25.451	158.148	158.149			6
2026.01.20	01:03:37.709	158.149	158.150			6
2026.01.20	01:03:38.634	158.138	158.139			6
2026.01.20	01:03:38.941	158.136	158.137			6
2026.01.20	01:03:39.856	158.134	158.135			6
2026.01.20	01:03:45.973	158.133	158.134			6
2026.01.20	01:03:49.368	158.132	158.133			6
2026.01.20	01:03:49.679	158.131	158.132			6
2026.01.20	01:03:50.589	158.130	158.131			6
2026.01.20	01:03:52.731	158.138	158.139			6
2026.01.20	01:03:53.344	158.139	158.140			6
2026.01.20	01:03:56.735	158.138	158.139			6
2026.01.20	01:04:00.105	158.138				2
2026.01.20	01:04:01.939	158.134	158.135			6
2026.01.20	01:04:03.785	158.133	158.134			6
2026.01.20	01:04:08.074	158.132	158.133			6
2026.01.20	01:04:08.382	158.133	158.134			6
2026.01.20	01:04:08.689	158.132	158.133			6
2026.01.20	01:04:08.995	158.133	158.134			6
2026.01.20	01:04:09.307	158.132	158.133			6
2026.01.20	01:04:09.612	158.133	158.134			6
2026.01.20	01:04:10.230	158.132	158.133			6
2026.01.20	01:04:10.541	158.133	158.134			6
2026.01.20	01:04:10.844	158.132	158.133			6
2026.01.20	01:04:11.149	158.133	158.134			6
2026.01.20	01:04:11.455	158.132	158.133			6
2026.01.20	01:04:11.762	158.133	158.134			6
2026.01.20	01:04:12.071	158.132	158.133			6
2026.01.20	01:04:23.113	158.131	158.132			6
2026.01.20	01:04:28.016	158.121	158.122			6
2026.01.20	01:04:28.320	158.117	158.118			6
2026.01.20	01:04:29.554	158.116	158.117			6
2026.01.20	01:04:29.862	158.118	158.119			6
2026.01.20	01:04:30.476	158.117	158.118			6
2026.01.20	01:04:31.398	158.119	158.120			6
2026.01.20	01:04:31.704	158.121	158.122			6
2026.01.20	01:04:32.010	158.120	158.121			6
2026.01.20	01:04:33.862	158.118	158.119			6
2026.01.20	01:04:34.170	158.119	158.120			6
2026.01.20	01:04:36.624	158.120	158.121			6
2026.01.20	01:04:36.925	158.118	158.119			6
2026.01.20	01:04:37.227	158.116	158.117			6
2026.01.20	01:04:38.144	158.115	158.116			6
2026.01.20	01:04:39.064	158.116	158.117			6
2026.01.20	01:04:39.371	158.117	158.118			6
2026.01.20	01:04:44.603	158.116	158.117			6
2026.01.20	01:04:46.129	158.117	158.118			6
2026.01.20	01:04:46.433	158.116	158.117			6
2026.01.20	01:04:50.109	158.117	158.118			6
2026.01.20	01:04:50.415	158.116	158.117			6
2026.01.20	01:05:00.255	158.116				2
2026.01.20	01:05:03.018	158.128	158.129			6
2026.01.20	01:05:03.321	158.125	158.126			6
2026.01.20	01:05:03.628	158.126	158.127			6
2026.01.20	01:05:04.863	158.127	158.128			6
2026.01.20	01:05:08.246	158.128	158.129			6
2026.01.20	01:05:29.087	158.127	158.128			6
2026.01.20	01:05:46.377	158.124	158.125			6
2026.01.20	01:05:46.989	158.123	158.124			6
2026.01.20	01:05:48.240	158.124	158.125			6
2026.01.20	01:05:50.385	158.123	158.124			6
2026.01.20	01:05:52.856	158.124	158.125			6
2026.01.20	01:05:57.174	158.123	158.124			6
2026.01.20	01:06:00.265	158.123				2
2026.01.20	01:06:20.916	158.122	158.123			6
2026.01.20	01:06:24.628	158.124	158.125			6
2026.01.20	01:06:25.857	158.125	158.126			6
2026.01.20	01:06:26.813	158.126	158.127			6
2026.01.20	01:06:28.365	158.125	158.126			6
2026.01.20	01:06:28.986	158.126	158.127			6
2026.01.20	01:06:29.289	158.125	158.126			6
2026.01.20	01:06:34.867	158.126	158.127			6
2026.01.20	01:06:35.482	158.125	158.126			6
2026.01.20	01:06:38.259	158.126	158.127			6
2026.01.20	01:06:39.480	158.125	158.126			6
2026.01.20	01:06:45.066	158.124	158.125			6
2026.01.20	01:06:45.381	158.125	158.126			6
2026.01.20	01:06:47.850	158.127	158.128			6
2026.01.20	01:06:49.411	158.128	158.129			6
2026.01.20	01:06:49.720	158.127	158.128			6
2026.01.20	01:07:00.165	158.127				2
2026.01.20	01:07:11.611	158.128	158.129			6
2026.01.20	01:07:13.474	158.127	158.128			6
2026.01.20	01:07:14.415	158.129	158.130			6
2026.01.20	01:07:32.312	158.136	158.137			6
2026.01.20	01:07:34.495	158.137	158.138			6
2026.01.20	01:07:46.514	158.138	158.139			6
2026.01.20	01:07:50.511	158.137	158.138			6
2026.01.20	01:07:51.759	158.138	158.139			6
2026.01.20	01:07:55.130	158.137	158.138			6
2026.01.20	01:07:55.450	158.138	158.139			6
2026.01.20	01:07:56.984	158.137	158.138			6
2026.01.20	01:08:00.087	158.137				2
2026.01.20	01:08:07.209	158.138	158.139			6
2026.01.20	01:08:07.817	158.137	158.138			6
2026.01.20	01:08:12.147	158.141	158.142			6
2026.01.20	01:08:13.076	158.140	158.141			6
2026.01.20	01:08:17.708	158.139	158.140			6
2026.01.20	01:08:18.942	158.138	158.139			6
2026.01.20	01:08:20.808	158.139	158.140			6
2026.01.20	01:08:22.044	158.138	158.139			6
2026.01.20	01:08:35.373	158.139	158.140			6
2026.01.20	01:08:35.682	158.138	158.139			6
2026.01.20	01:08:37.866	158.139	158.140			6
2026.01.20	01:08:43.689	158.138	158.139			6
2026.01.20	01:08:44.931	158.139	158.140			6
2026.01.20	01:08:45.237	158.140	158.141			6
2026.01.20	01:08:45.547	158.139	158.140			6
2026.01.20	01:09:00.032	158.140	158.141			6
2026.01.20	01:09:00.645	158.141	158.142			6
2026.01.20	01:09:02.816	158.145	158.146			6
2026.01.20	01:09:03.433	158.152	158.153			6
2026.01.20	01:09:03.749	158.150	158.151			6
2026.01.20	01:09:04.053	158.151	158.152			6
2026.01.20	01:09:06.546	158.147	158.148			6
2026.01.20	01:09:09.626	158.144	158.145			6
2026.01.20	01:09:09.933	158.142	158.143			6
2026.01.20	01:09:11.175	158.141	158.142			6
2026.01.20	01:09:11.489	158.142	158.143			6
2026.01.20	01:09:13.638	158.141	158.142			6
2026.01.20	01:09:22.284	158.142	158.143			6
2026.01.20	01:09:26.933	158.140	158.141			6
2026.01.20	01:09:28.168	158.139	158.140			6
2026.01.20	01:09:29.422	158.140	158.141			6
2026.01.20	01:09:31.583	158.141	158.142			6
2026.01.20	01:09:41.481	158.151	158.152			6
2026.01.20	01:09:44.900	158.152	158.153			6
2026.01.20	01:09:51.463	158.149	158.150			6
2026.01.20	01:09:52.689	158.150	158.151			6
2026.01.20	01:09:53.299	158.149	158.150			6
2026.01.20	01:10:00.039	158.149				2
2026.01.20	01:10:06.251	158.150	158.151			6
2026.01.20	01:10:13.948	158.151	158.152			6
2026.01.20	01:10:14.256	158.152	158.153			6
2026.01.20	01:10:15.187	158.153	158.154			6
2026.01.20	01:10:16.419	158.152	158.153			6
2026.01.20	01:10:20.166	158.153	158.154			6
2026.01.20	01:10:20.779	158.152	158.153			6
2026.01.20	01:10:27.275	158.153	158.154			6
2026.01.20	01:10:27.892	158.152	158.153			6
2026.01.20	01:10:29.122	158.153	158.154			6
2026.01.20	01:10:30.959	158.152	158.153			6
2026.01.20	01:10:32.191	158.153	158.154			6
2026.01.20	01:10:33.115	158.152	158.153			6
2026.01.20	01:10:34.662	158.153	158.154			6
2026.01.20	01:10:36.828	158.152	158.153			6
2026.01.20	01:10:39.619	158.153	158.154			6
2026.01.20	01:10:41.788	158.154	158.155			6
2026.01.20	01:10:42.096	158.166	158.167			6
2026.01.20	01:10:42.398	158.167	158.168			6
2026.01.20	01:10:42.707	158.168	158.169			6
2026.01.20	01:10:43.334	158.167	158.168			6
2026.01.20	01:10:44.558	158.166	158.167			6
2026.01.20	01:10:52.489	158.165	158.166			6
2026.01.20	01:11:00.237	158.165				2
2026.01.20	01:11:00.540	158.166	158.167			6
2026.01.20	01:11:04.913	158.167	158.168			6
2026.01.20	01:11:08.929	158.164	158.165			6
2026.01.20	01:11:09.235	158.163	158.164			6
2026.01.20	01:11:09.544	158.164	158.165			6
2026.01.20	01:11:19.140	158.163	158.164			6
2026.01.20	01:12:00.286	158.163				2
2026.01.20	01:12:07.109	158.165	158.166			6
2026.01.20	01:12:09.248	158.163	158.164			6
2026.01.20	01:12:09.554	158.159	158.160			6
2026.01.20	01:12:11.110	158.158	158.159			6
2026.01.20	01:12:14.221	158.159	158.160			6
2026.01.20	01:12:16.667	158.165	158.166			6
2026.01.20	01:12:17.597	158.163	158.164			6
2026.01.20	01:12:18.531	158.164	158.165			6
2026.01.20	01:12:24.157	158.163	158.164			6
2026.01.20	01:12:26.623	158.164	158.165			6
2026.01.20	01:12:27.237	158.163	158.164			6
2026.01.20	01:12:27.860	158.164	158.165			6
2026.01.20	01:12:30.365	158.163	158.164			6
2026.01.20	01:12:32.530	158.162	158.163			6
2026.01.20	01:12:33.138	158.163	158.164			6
2026.01.20	01:12:35.285	158.165	158.166			6
2026.01.20	01:12:36.222	158.166	158.167			6
2026.01.20	01:12:36.529	158.165	158.166			6
2026.01.20	01:12:36.842	158.166	158.167			6
2026.01.20	01:12:38.396	158.164	158.165			6
2026.01.20	01:12:39.655	158.163	158.164			6
2026.01.20	01:12:40.579	158.164	158.165			6
2026.01.20	01:12:41.822	158.165	158.166			6
2026.01.20	01:12:44.618	158.164	158.165			6
2026.01.20	01:12:44.937	158.170	158.171			6
2026.01.20	01:12:45.241	158.172	158.173			6
2026.01.20	01:12:46.797	158.173	158.174			6
2026.01.20	01:12:48.016	158.172	158.173			6
2026.01.20	01:12:49.578	158.173	158.174			6
2026.01.20	01:12:49.889	158.172	158.173			6
2026.01.20	01:12:51.762	158.176	158.177			6
2026.01.20	01:12:52.074	158.171	158.172			6
2026.01.20	01:12:54.230	158.170	158.171			6
2026.01.20	01:12:59.194	158.171	158.172			6
2026.01.20	01:13:00.124	158.171				2
2026.01.20	01:13:00.755	158.170	158.171			6
2026.01.20	01:13:01.377	158.171	158.172			6
2026.01.20	01:13:01.684	158.174	158.175			6
2026.01.20	01:13:04.797	158.173	158.174			6
2026.01.20	01:13:08.229	158.174	158.175			6
2026.01.20	01:13:18.126	158.172	158.173			6
2026.01.20	01:13:18.435	158.171	158.172			6
2026.01.20	01:13:20.617	158.172	158.173			6
2026.01.20	01:13:21.532	158.171	158.172			6
2026.01.20	01:13:23.397	158.172	158.173			6
2026.01.20	01:13:29.893	158.175	158.176			6
2026.01.20	01:13:31.445	158.176	158.177			6
2026.01.20	01:13:31.748	158.175	158.176			6
2026.01.20	01:13:32.983	158.176	158.177			6
2026.01.20	01:13:35.460	158.178	158.179			6
2026.01.20	01:13:43.161	158.177	158.178			6
2026.01.20	01:14:00.208	158.177				2
2026.01.20	01:14:06.755	158.178	158.179			6
2026.01.20	01:14:08.611	158.179	158.180			6
2026.01.20	01:14:13.272	158.178	158.179			6
2026.01.20	01:14:15.788	158.179	158.180			6
2026.01.20	01:14:43.960	158.178	158.179			6
2026.01.20	01:14:48.310	158.177	158.178			6
2026.01.20	01:14:56.078	158.176	158.177			6
2026.01.20	01:14:57.316	158.177	158.178			6
2026.01.20	01:14:57.623	158.176	158.177			6
2026.01.20	01:15:00.124	158.176				2
2026.01.20	01:15:01.359	158.177	158.178			6
2026.01.20	01:15:01.669	158.176	158.177			6
2026.01.20	01:15:03.523	158.177	158.178			6
2026.01.20	01:15:07.873	158.178	158.179			6
2026.01.20	01:15:08.795	158.177	158.178			6
2026.01.20	01:15:12.532	158.178	158.179			6
2026.01.20	01:15:13.476	158.177	158.178			6
2026.01.20	01:15:19.668	158.178	158.179			6
2026.01.20	01:15:20.910	158.179	158.180			6
2026.01.20	01:15:21.849	158.178	158.179			6
2026.01.20	01:15:36.791	158.179	158.180			6
2026.01.20	01:15:40.815	158.184	158.185			6
2026.01.20	01:15:41.121	158.185	158.186			6
2026.01.20	01:15:43.932	158.186	158.187			6
2026.01.20	01:15:44.558	158.187	158.188			6
2026.01.20	01:15:44.865	158.188	158.189			6
2026.01.20	01:15:54.212	158.187	158.188			6
2026.01.20	01:16:00.121	158.187				2
2026.01.20	01:16:00.432	158.188	158.189			6
2026.01.20	01:16:02.323	158.190	158.191			6
2026.01.20	01:16:23.232	158.189	158.190			6
2026.01.20	01:16:24.479	158.190	158.191			6
2026.01.20	01:16:34.667	158.191	158.192			6
2026.01.20	01:16:35.905	158.190	158.191			6
2026.01.20	01:16:50.434	158.191	158.192			6
2026.01.20	01:16:51.356	158.190	158.191			6
2026.01.20	01:17:00.015	158.190				2
2026.01.20	01:17:01.255	158.191	158.192			6
2026.01.20	01:17:01.560	158.190	158.191			6
2026.01.20	01:17:13.318	158.191	158.192			6
2026.01.20	01:17:13.627	158.190	158.191			6
2026.01.20	01:17:14.858	158.188	158.189			6
2026.01.20	01:17:15.477	158.187	158.188			6
2026.01.20	01:17:23.240	158.184	158.185			6
2026.01.20	01:17:23.548	158.183	158.184			6
2026.01.20	01:17:24.777	158.182	158.183			6
2026.01.20	01:17:33.457	158.183	158.184			6
2026.01.20	01:17:33.765	158.182	158.183			6
2026.01.20	01:18:00.069	158.183	158.184			6
2026.01.20	01:18:13.744	158.186	158.187			6
2026.01.20	01:18:14.056	158.185	158.186			6
2026.01.20	01:18:18.660	158.182	158.183			6
2026.01.20	01:18:21.136	158.183	158.184			6
2026.01.20	01:18:31.690	158.182	158.183			6
2026.01.20	01:18:32.004	158.183	158.184			6
2026.01.20	01:18:32.311	158.182	158.183			6
2026.01.20	01:18:41.352	158.180	158.181			6
2026.01.20	01:18:41.966	158.179	158.180			6
2026.01.20	01:18:47.230	158.178	158.179			6
2026.01.20	01:18:47.532	158.179	158.180			6
2026.01.20	01:18:49.070	158.178	158.179			6
2026.01.20	01:18:56.525	158.179	158.180			6
2026.01.20	01:18:57.446	158.177	158.178			6
2026.01.20	01:18:57.748	158.178	158.179			6
2026.01.20	01:19:00.252	158.178				2
2026.01.20	01:19:01.799	158.177	158.178			6
2026.01.20	01:19:02.107	158.178	158.179			6
2026.01.20	01:19:06.167	158.179	158.180			6
2026.01.20	01:19:24.482	158.178	158.179			6
2026.01.20	01:19:29.754	158.179	158.180			6
2026.01.20	01:19:30.057	158.178	158.179			6
2026.01.20	01:19:40.389	158.183	158.184			6
2026.01.20	01:19:40.998	158.184	158.185			6
2026.01.20	01:19:43.152	158.183	158.184			6
2026.01.20	01:20:00.164	158.183				2
2026.01.20	01:20:00.788	158.184	158.185			6
2026.01.20	01:20:01.711	158.183	158.184			6
2026.01.20	01:20:02.025	158.184	158.185			6
2026.01.20	01:20:03.253	158.183	158.184			6
2026.01.20	01:20:03.568	158.181	158.182			6
2026.01.20	01:20:13.817	158.182	158.183			6
2026.01.20	01:20:15.082	158.181	158.182			6
2026.01.20	01:20:15.390	158.182	158.183			6
2026.01.20	01:20:17.849	158.181	158.182			6
2026.01.20	01:20:24.619	158.180	158.181			6
2026.01.20	01:20:25.858	158.181	158.182			6
2026.01.20	01:20:27.402	158.180	158.181			6
2026.01.20	01:20:32.409	158.181	158.182			6
2026.01.20	01:20:41.388	158.180	158.181			6
2026.01.20	01:20:43.244	158.181	158.182			6
2026.01.20	01:20:45.407	158.180	158.181			6
2026.01.20	01:20:45.712	158.181	158.182			6
2026.01.20	01:20:48.467	158.180	158.181			6
2026.01.20	01:20:50.636	158.183	158.184			6
2026.01.20	01:20:58.636	158.189	158.190			6
2026.01.20	01:21:00.190	158.189				2
2026.01.20	01:21:03.999	158.190	158.191			6
2026.01.20	01:21:04.321	158.189	158.190			6
2026.01.20	01:21:04.636	158.190	158.191			6
2026.01.20	01:21:04.942	158.192	158.193			6
2026.01.20	01:21:05.249	158.190	158.191			6
2026.01.20	01:21:10.236	158.189	158.190			6
2026.01.20	01:21:13.351	158.190	158.191			6
2026.01.20	01:21:16.481	158.189	158.190			6
2026.01.20	01:21:18.646	158.190	158.191			6
2026.01.20	01:21:19.564	158.189	158.190			6
2026.01.20	01:21:21.095	158.190	158.191			6
2026.01.20	01:21:24.787	158.189	158.190			6
2026.01.20	01:21:31.011	158.190	158.191			6
2026.01.20	01:21:31.317	158.189	158.190			6
2026.01.20	01:21:31.946	158.190	158.191			6
2026.01.20	01:21:32.251	158.189	158.190			6
2026.01.20	01:21:32.556	158.190	158.191			6
2026.01.20	01:21:33.171	158.189	158.190			6
2026.01.20	01:21:33.473	158.190	158.191			6
2026.01.20	01:21:33.778	158.189	158.190			6
2026.01.20	01:21:34.402	158.190	158.191			6
2026.01.20	01:21:40.521	158.189	158.190			6
2026.01.20	01:22:00.295	158.190	158.191			6
2026.01.20	01:22:00.603	158.191	158.192			6
2026.01.20	01:22:05.242	158.190	158.191			6
2026.01.20	01:22:15.116	158.189	158.190			6
2026.01.20	01:22:16.360	158.190	158.191			6
2026.01.20	01:22:25.893	158.192	158.193			6
2026.01.20	01:22:26.208	158.191	158.192			6
2026.01.20	01:22:28.682	158.190	158.191			6
2026.01.20	01:22:40.421	158.188	158.189			6
2026.01.20	01:22:41.039	158.189	158.190			6
2026.01.20	01:22:42.895	158.188	158.189			6
2026.01.20	01:22:44.438	158.189	158.190			6
2026.01.20	01:22:45.061	158.188	158.189			6
2026.01.20	01:22:46.628	158.189	158.190			6
2026.01.20	01:22:46.934	158.188	158.189			6
2026.01.20	01:22:47.242	158.189	158.190			6
2026.01.20	01:22:48.475	158.188	158.189			6
2026.01.20	01:22:49.402	158.189	158.190			6
2026.01.20	01:23:00.251	158.189				2
2026.01.20	01:23:22.207	158.187	158.188			6
2026.01.20	01:23:24.977	158.186	158.187			6
2026.01.20	01:23:36.114	158.185	158.186			6
2026.01.20	01:23:47.274	158.186	158.187			6
2026.01.20	01:23:49.448	158.185	158.186			6
2026.01.20	01:23:50.372	158.186	158.187			6
2026.01.20	01:23:50.677	158.185	158.186			6
2026.01.20	01:23:51.914	158.186	158.187			6
2026.01.20	01:24:00.261	158.186				2
2026.01.20	01:24:51.968	158.187	158.188			6
2026.01.20	01:24:53.839	158.186	158.187			6
2026.01.20	01:25:00.035	158.186				2
2026.01.20	01:25:01.270	158.187	158.188			6
2026.01.20	01:25:41.158	158.186	158.187			6
2026.01.20	01:25:54.145	158.180	158.181			6
2026.01.20	01:25:54.452	158.179	158.180			6
2026.01.20	01:25:56.310	158.176	158.177			6
2026.01.20	01:25:57.238		158.178			4
2026.01.20	01:25:57.855	158.175	158.177			6
2026.01.20	01:25:58.163	158.176	158.178			6
2026.01.20	01:26:00.012	158.175	158.177			6
2026.01.20	01:26:01.251	158.176				2
2026.01.20	01:26:01.559	158.169	158.170			6
2026.01.20	01:26:01.876	158.172	158.173			6
2026.01.20	01:26:02.195	158.173	158.174			6
2026.01.20	01:26:08.744	158.174	158.175			6
2026.01.20	01:26:10.609	158.168	158.169			6
2026.01.20	01:26:12.165	158.166	158.170			6
2026.01.20	01:26:15.251	158.176	158.180			6
2026.01.20	01:26:16.187		158.182			4
2026.01.20	01:26:18.980	158.177	158.184			6
2026.01.20	01:26:28.384		158.183			4
2026.01.20	01:26:34.554		158.184			4
2026.01.20	01:26:35.946	158.178				2
2026.01.20	01:26:37.181	158.179	158.186			6
2026.01.20	01:26:37.548		158.185			4
2026.01.20	01:26:40.959	158.177	158.184			6
2026.01.20	01:26:44.168	158.178				2
2026.01.20	01:26:46.334	158.177	158.183			6
2026.01.20	01:26:59.402		158.182			4
2026.01.20	01:27:00.025	158.177				2
2026.01.20	01:27:09.335	158.184	158.187			6
2026.01.20	01:27:09.641	158.187	158.192			6
2026.01.20	01:27:10.211	158.188	158.195			6
2026.01.20	01:27:13.430	158.189				2
2026.01.20	01:27:21.170		158.196			4
2026.01.20	01:27:22.330		158.195			4
2026.01.20	01:27:24.484	158.186	158.192			6
2026.01.20	01:27:25.273	158.184	158.190			6
2026.01.20	01:27:26.101	158.189	158.195			6
2026.01.20	01:27:27.279		158.194			4
2026.01.20	01:27:29.446		158.195			4
2026.01.20	01:27:31.222		158.194			4
2026.01.20	01:27:37.410	158.190	158.195			6
2026.01.20	01:27:39.569	158.189				2
2026.01.20	01:27:40.406	158.190				2
2026.01.20	01:27:41.261	158.189				2
2026.01.20	01:27:45.390		158.194			4
2026.01.20	01:27:48.481		158.195			4
2026.01.20	01:27:51.064		158.194			4
2026.01.20	01:27:52.920		158.195			4
2026.01.20	01:27:57.251		158.194			4
2026.01.20	01:28:00.032	158.189				2
2026.01.20	01:28:05.952	158.190	158.195			6
2026.01.20	01:28:09.087		158.194			4
2026.01.20	01:28:10.934	158.191				2
2026.01.20	01:28:26.309		158.193			4
2026.01.20	01:28:39.213		158.192			4
2026.01.20	01:28:42.564	158.192	158.193			6
2026.01.20	01:28:43.791	158.191	158.192			6
2026.01.20	01:28:59.132	158.190	158.191			6
2026.01.20	01:29:00.052	158.190				2
2026.01.20	01:29:02.509	158.205	158.206			6
2026.01.20	01:29:03.127	158.203	158.210			6
2026.01.20	01:29:03.490		158.209			4
2026.01.20	01:29:08.384		158.208			4
2026.01.20	01:29:08.692	158.202				2
2026.01.20	01:29:09.621	158.203	158.209			6
2026.01.20	01:29:10.855	158.202				2
2026.01.20	01:29:18.404		158.208			4
2026.01.20	01:29:27.590	158.203	158.210			6
2026.01.20	01:29:30.398	158.204				2
2026.01.20	01:29:33.186	158.211	158.215			6
2026.01.20	01:29:33.493	158.214	158.219			6
2026.01.20	01:29:33.811		158.220			4
2026.01.20	01:29:34.122		158.222			4
2026.01.20	01:29:34.471		158.221			4
2026.01.20	01:29:47.287	158.216				2
2026.01.20	01:29:47.592	158.214				2
2026.01.20	01:29:48.519		158.220			4
2026.01.20	01:29:50.989		158.221			4
2026.01.20	01:29:51.303		158.220			4
2026.01.20	01:29:56.244		158.221			4
2026.01.20	01:29:56.551	158.215	158.222			6
2026.01.20	01:30:00.302	158.217	158.223			6
2026.01.20	01:30:01.854		158.224			4
2026.01.20	01:30:02.475		158.223			4
2026.01.20	01:30:03.082		158.224			4
2026.01.20	01:30:03.399		158.223			4
2026.01.20	01:30:10.906	158.215	158.221			6
2026.01.20	01:30:12.456		158.220			4
2026.01.20	01:30:12.764	158.214				2
2026.01.20	01:30:14.020		158.219			4
2026.01.20	01:30:14.637	158.213	158.218			6
2026.01.20	01:30:21.780	158.215	158.220			6
2026.01.20	01:30:25.184	158.216				2
2026.01.20	01:30:25.487	158.215	158.219			6
2026.01.20	01:30:26.107	158.216	158.220			6
2026.01.20	01:30:29.800	158.215	158.219			6
2026.01.20	01:30:35.299		158.218			4
2026.01.20	01:30:36.223	158.216	158.219			6
2026.01.20	01:30:42.049	158.217	158.220			6
2026.01.20	01:30:44.192		158.219			4
2026.01.20	01:30:48.495	158.218	158.220			6
2026.01.20	01:30:52.169		158.219			4
2026.01.20	01:30:53.698	158.219	158.220			6
2026.01.20	01:30:54.003	158.218	158.219			6
2026.01.20	01:30:55.845	158.224	158.225			6
2026.01.20	01:30:56.149	158.223				2
2026.01.20	01:30:56.456	158.226	158.228			6
2026.01.20	01:30:57.376	158.224	158.225			6
2026.01.20	01:30:57.681	158.226	158.227			6
2026.01.20	01:30:58.603	158.225				2
2026.01.20	01:30:58.905	158.226				2
2026.01.20	01:31:00.125	158.226				2
2026.01.20	01:31:00.429	158.219	158.220			6
2026.01.20	01:31:01.336	158.218	158.219			6
2026.01.20	01:31:02.566	158.216	158.218			6
2026.01.20	01:31:02.880	158.215	158.217			6
2026.01.20	01:31:03.181	158.214				2
2026.01.20	01:31:08.154	158.210	158.211			6
2026.01.20	01:31:08.463	158.205	158.207			6
2026.01.20	01:31:08.770	158.204				2
2026.01.20	01:31:09.391	158.203				2
2026.01.20	01:31:12.805	158.202				2
2026.01.20	01:31:13.110	158.203				2
2026.01.20	01:31:14.348	158.202				2
2026.01.20	01:31:15.843	158.203				2
2026.01.20	01:31:27.290	158.204				2
2026.01.20	01:31:29.455	158.203				2
2026.01.20	01:31:29.762	158.204				2
2026.01.20	01:31:32.546		158.205			4
2026.01.20	01:31:32.857	158.201	158.204			6
2026.01.20	01:31:34.507	158.200				2
2026.01.20	01:31:36.379		158.202			4
2026.01.20	01:31:36.689	158.198	158.201			6
2026.01.20	01:31:37.337	158.191	158.194			6
2026.01.20	01:31:37.644	158.189	158.192			6
2026.01.20	01:31:38.280	158.188				2
2026.01.20	01:31:39.226	158.187				2
2026.01.20	01:31:41.558		158.191			4
2026.01.20	01:31:42.483	158.186				2
2026.01.20	01:31:43.458	158.187				2
2026.01.20	01:31:43.761	158.186	158.189			6
2026.01.20	01:31:45.312	158.188				2
2026.01.20	01:31:47.391	158.187				2
2026.01.20	01:31:48.647		158.188			4
2026.01.20	01:31:48.961	158.186				2
2026.01.20	01:31:49.919	158.185				2
2026.01.20	01:31:52.031		158.189			4
2026.01.20	01:31:52.350		158.190			4
2026.01.20	01:31:55.236		158.189			4
2026.01.20	01:32:00.200	158.185				2
2026.01.20	01:32:03.311	158.186				2
2026.01.20	01:32:04.851		158.188			4
2026.01.20	01:32:06.066	158.185				2
2026.01.20	01:32:08.510	158.186				2
2026.01.20	01:32:10.044	158.184				2
2026.01.20	01:32:11.277	158.179	158.182			6
2026.01.20	01:32:11.580	158.178				2
2026.01.20	01:32:18.099		158.181			4
2026.01.20	01:32:20.565	158.179	158.182			6
2026.01.20	01:32:26.084		158.181			4
2026.01.20	01:32:33.157	158.180				2
2026.01.20	01:32:50.081	158.178	158.179			6
2026.01.20	01:33:00.232	158.178				2
2026.01.20	01:33:21.999	158.179	158.180			6
2026.01.20	01:33:53.323	158.182	158.183			6
2026.01.20	01:33:53.628	158.184	158.185			6
2026.01.20	01:33:53.935	158.183	158.184			6
2026.01.20	01:33:55.468	158.184	158.185			6
2026.01.20	01:33:58.537	158.182	158.183			6
2026.01.20	01:34:00.077	158.182				2
2026.01.20	01:34:00.692	158.183	158.184			6
2026.01.20	01:34:02.826	158.175	158.176			6
2026.01.20	01:34:03.129	158.176	158.177			6
2026.01.20	01:34:07.756	158.175	158.176			6
2026.01.20	01:34:12.646	158.176	158.177			6
2026.01.20	01:34:27.991	158.175	158.176			6
2026.01.20	01:34:28.305	158.176	158.177			6
2026.01.20	01:34:32.901	158.177	158.178			6
2026.01.20	01:34:37.832	158.179	158.180			6
2026.01.20	01:34:38.439	158.180	158.181			6
2026.01.20	01:34:42.188	158.186	158.187			6
2026.01.20	01:34:42.495	158.187	158.188			6
2026.01.20	01:34:45.921	158.188	158.189			6
2026.01.20	01:34:50.268	158.189	158.190			6
2026.01.20	01:35:00.097	158.189				2
2026.01.20	01:35:04.713	158.188	158.189			6
2026.01.20	01:35:07.515	158.189	158.190			6
2026.01.20	01:35:07.818	158.188	158.189			6
2026.01.20	01:35:09.378	158.189	158.190			6
2026.01.20	01:35:09.689	158.188	158.189			6
2026.01.20	01:35:09.998	158.189	158.190			6
2026.01.20	01:35:10.917	158.187	158.188			6
2026.01.20	01:35:12.165	158.188	158.189			6
2026.01.20	01:35:12.778	158.187	158.188			6
2026.01.20	01:35:20.237	158.188	158.189			6
2026.01.20	01:35:20.542	158.187	158.188			6
2026.01.20	01:35:21.498	158.186	158.187			6
2026.01.20	01:35:22.118	158.188	158.189			6
2026.01.20	01:35:22.420	158.189	158.190			6
2026.01.20	01:35:26.414	158.188	158.189			6
2026.01.20	01:35:29.833	158.189	158.190			6
2026.01.20	01:35:32.602	158.188	158.189			6
2026.01.20	01:35:41.294	158.186	158.187			6
2026.01.20	01:35:43.163	158.187	158.188			6
2026.01.20	01:35:49.315	158.186	158.187			6
2026.01.20	01:35:50.861	158.187	158.188			6
2026.01.20	01:36:00.101	158.187				2
2026.01.20	01:36:03.478	158.188	158.189			6
2026.01.20	01:36:05.017	158.187	158.188			6
2026.01.20	01:36:10.285	158.188	158.189			6
2026.01.20	01:36:18.001	158.189	158.190			6
2026.01.20	01:36:22.294	158.188	158.189			6
2026.01.20	01:36:25.676	158.189	158.190			6
2026.01.20	01:36:40.326	158.191	158.192			6
2026.01.20	01:36:40.641	158.190	158.191			6
2026.01.20	01:36:40.947	158.191	158.192			6
2026.01.20	01:36:49.940	158.205	158.206			6
2026.01.20	01:36:50.244	158.202				2
2026.01.20	01:36:55.202	158.203				2
2026.01.20	01:37:00.162	158.203	158.207			6
2026.01.20	01:37:09.159	158.204				2
2026.01.20	01:37:11.325	158.203	158.206			6
2026.01.20	01:37:11.632	158.204	158.207			6
2026.01.20	01:37:16.283		158.206			4
2026.01.20	01:37:17.829	158.205	158.207			6
2026.01.20	01:37:20.000	158.210	158.212			6
2026.01.20	01:37:20.301	158.208	158.211			6
2026.01.20	01:37:22.154	158.211	158.215			6
2026.01.20	01:37:22.463	158.214	158.218			6
2026.01.20	01:37:22.772	158.215	158.219			6
2026.01.20	01:37:23.401		158.220			4
2026.01.20	01:37:28.989	158.211	158.216			6
2026.01.20	01:37:32.810		158.215			4
2026.01.20	01:37:34.059		158.214			4
2026.01.20	01:37:34.393	158.210				2
2026.01.20	01:37:34.711	158.202	158.205			6
2026.01.20	01:37:35.024	158.201				2
2026.01.20	01:37:35.342	158.200				2
2026.01.20	01:37:36.407	158.198	158.203			6
2026.01.20	01:37:37.452	158.199				2
2026.01.20	01:37:53.427		158.204			4
2026.01.20	01:38:01.708	158.199				2
2026.01.20	01:38:02.016	158.200	158.205			6
2026.01.20	01:38:10.036	158.199	158.204			6
2026.01.20	01:38:10.341	158.200				2
2026.01.20	01:38:10.978	158.199				2
2026.01.20	01:38:12.418	158.200				2
2026.01.20	01:38:14.270		158.205			4
2026.01.20	01:38:14.594		158.204			4
2026.01.20	01:38:14.915	158.201	158.205			6
2026.01.20	01:38:28.194	158.202				2
2026.01.20	01:38:34.319		158.204			4
2026.01.20	01:38:39.219	158.203				2
2026.01.20	01:39:00.027	158.203				2
2026.01.20	01:39:00.642	158.204	158.205			6
2026.01.20	01:39:03.102	158.203	158.204			6
2026.01.20	01:39:05.866	158.205	158.206			6
2026.01.20	01:39:06.175	158.211	158.212			6
2026.01.20	01:39:07.393	158.210	158.213			6
2026.01.20	01:39:07.955	158.214	158.218			6
2026.01.20	01:39:14.811	158.215				2
2026.01.20	01:39:16.072	158.217	158.220			6
2026.01.20	01:39:16.377	158.216	158.219			6
2026.01.20	01:39:21.590	158.217				2
2026.01.20	01:39:23.160	158.218				2
2026.01.20	01:39:26.575	158.219	158.221			6
2026.01.20	01:39:28.444	158.218	158.220			6
2026.01.20	01:39:33.345	158.219				2
2026.01.20	01:39:34.261	158.218	158.219			6
2026.01.20	01:39:34.865	158.219	158.220			6
2026.01.20	01:39:35.478	158.218	158.219			6
2026.01.20	01:39:36.089	158.219	158.220			6
2026.01.20	01:39:37.023	158.218	158.219			6
2026.01.20	01:39:37.325	158.219	158.220			6
2026.01.20	01:39:37.629	158.218	158.219			6
2026.01.20	01:39:37.931	158.219	158.220			6
2026.01.20	01:39:43.755	158.220	158.221			6
2026.01.20	01:39:44.069	158.219	158.220			6
2026.01.20	01:39:48.372	158.220	158.221			6
2026.01.20	01:39:48.988	158.219	158.220			6
2026.01.20	01:39:50.535	158.211	158.212			6
2026.01.20	01:39:52.385	158.209	158.211			6
2026.01.20	01:39:55.179	158.208				2
2026.01.20	01:40:00.139	158.208				2
2026.01.20	01:40:02.313	158.209				2
2026.01.20	01:40:06.401	158.210	158.212			6
2026.01.20	01:40:06.716		158.211			4
2026.01.20	01:40:07.641	158.207	158.208			6
2026.01.20	01:40:09.171	158.206				2
2026.01.20	01:40:10.413	158.207				2
2026.01.20	01:40:22.406	158.203	158.204			6
2026.01.20	01:40:22.715	158.204	158.205			6
2026.01.20	01:40:23.332	158.203				2
2026.01.20	01:40:23.950	158.193	158.195			6
2026.01.20	01:40:25.172	158.191				2
2026.01.20	01:40:30.122	158.198	158.202			6
2026.01.20	01:40:31.132	158.197				2
2026.01.20	01:40:33.468	158.201	158.205			6
2026.01.20	01:40:53.843	158.200				2
2026.01.20	01:40:58.366	158.202				2
2026.01.20	01:40:59.083	158.201				2
2026.01.20	01:40:59.400	158.204	158.206			6
2026.01.20	01:41:00.009	158.204				2
2026.01.20	01:41:03.416	158.205				2
2026.01.20	01:41:04.970	158.207	158.211			6
2026.01.20	01:41:05.281	158.209	158.212			6
2026.01.20	01:41:05.589	158.210	158.213			6
2026.01.20	01:41:06.222	158.209				2
2026.01.20	01:41:07.770	158.210	158.214			6
2026.01.20	01:41:09.933	158.208	158.212			6
2026.01.20	01:41:12.093	158.209				2
2026.01.20	01:41:12.407	158.210	158.213			6
2026.01.20	01:41:13.018	158.204	158.208			6
2026.01.20	01:41:14.262	158.201	158.206			6
2026.01.20	01:41:17.754	158.202				2
2026.01.20	01:41:19.614	158.201				2
2026.01.20	01:41:20.699	158.203	158.207			6
2026.01.20	01:41:23.398	158.204				2
2026.01.20	01:41:33.252	158.205				2
2026.01.20	01:41:42.135	158.206				2
2026.01.20	01:41:45.209	158.207	158.208			6
2026.01.20	01:42:00.259	158.207				2
2026.01.20	01:42:01.476	158.206	158.207			6
2026.01.20	01:42:04.841	158.207	158.208			6
2026.01.20	01:42:05.142	158.206	158.207			6
2026.01.20	01:42:13.436	158.207	158.208			6
2026.01.20	01:42:13.739	158.206	158.207			6
2026.01.20	01:42:15.879	158.207	158.208			6
2026.01.20	01:42:21.709	158.206	158.207			6
2026.01.20	01:42:25.082	158.207	158.208			6
2026.01.20	01:42:36.434	158.206	158.207			6
2026.01.20	01:42:36.745	158.207	158.208			6
2026.01.20	01:42:46.246	158.206	158.207			6
2026.01.20	01:42:48.702	158.207	158.208			6
2026.01.20	01:42:55.430	158.214	158.215			6
2026.01.20	01:42:55.733	158.219	158.220			6
2026.01.20	01:42:56.038	158.217	158.218			6
2026.01.20	01:42:56.342	158.216				2
2026.01.20	01:42:57.282	158.217				2
2026.01.20	01:43:00.048	158.217				2
2026.01.20	01:43:18.446	158.216	158.217			6
2026.01.20	01:43:30.388	158.217	158.218			6
2026.01.20	01:43:37.441	158.216	158.217			6
2026.01.20	01:43:40.555	158.217	158.218			6
2026.01.20	01:43:45.211	158.220	158.221			6
2026.01.20	01:43:45.515	158.219	158.220			6
2026.01.20	01:43:46.760	158.220	158.221			6
2026.01.20	01:43:47.376	158.221	158.222			6
2026.01.20	01:43:49.548	158.222	158.223			6
2026.01.20	01:43:50.167	158.221	158.222			6
2026.01.20	01:43:50.487	158.220	158.221			6
2026.01.20	01:43:50.790	158.219	158.220			6
2026.01.20	01:44:00.119	158.219				2
2026.01.20	01:44:02.881	158.218	158.219			6
2026.01.20	01:44:04.750	158.219	158.220			6
2026.01.20	01:44:05.982	158.218	158.219			6
2026.01.20	01:44:10.346	158.219	158.220			6
2026.01.20	01:44:13.107	158.217	158.218			6
2026.01.20	01:44:35.471	158.218	158.219			6
2026.01.20	01:44:37.942	158.217	158.218			6
2026.01.20	01:44:40.421	158.216	158.217			6
2026.01.20	01:44:41.361	158.217	158.218			6
2026.01.20	01:44:48.424	158.216	158.217			6
2026.01.20	01:44:49.364	158.217	158.218			6
2026.01.20	01:44:51.204	158.210	158.211			6
2026.01.20	01:44:53.960	158.207	158.208			6
2026.01.20	01:44:55.215	158.208	158.209			6
2026.01.20	01:44:58.601	158.207	158.208			6
2026.01.20	01:45:00.154	158.215	158.216			6
2026.01.20	01:45:00.467	158.219	158.220			6
2026.01.20	01:45:01.091	158.216	158.221			6
2026.01.20	01:45:01.444	158.217				2
2026.01.20	01:45:01.771	158.216				2
2026.01.20	01:45:04.072	158.214	158.219			6
2026.01.20	01:45:08.392	158.215				2
2026.01.20	01:45:15.646	158.214				2
2026.01.20	01:45:20.172	158.215				2
2026.01.20	01:45:25.121		158.217			4
2026.01.20	01:45:25.436	158.214	158.218			6
2026.01.20	01:45:26.666	158.215				2
2026.01.20	01:45:35.394	158.216				2
2026.01.20	01:45:38.860		158.217			4
2026.01.20	01:45:39.165	158.215	158.216			6
2026.01.20	01:45:39.474	158.205	158.206			6
2026.01.20	01:45:40.704	158.206	158.207			6
2026.01.20	01:45:41.312	158.203	158.206			6
2026.01.20	01:45:42.425	158.202				2
2026.01.20	01:45:42.993	158.203				2
2026.01.20	01:45:46.605	158.204				2
2026.01.20	01:45:46.964	158.203				2
2026.01.20	01:45:47.315	158.204				2
2026.01.20	01:45:49.040	158.203				2
2026.01.20	01:45:51.517	158.211	158.215			6
2026.01.20	01:45:52.377	158.213	158.217			6
2026.01.20	01:45:52.688	158.209	158.212			6
2026.01.20	01:45:53.189	158.208				2
2026.01.20	01:45:55.157		158.213			4
2026.01.20	01:45:58.632	158.209				2
2026.01.20	01:46:00.529	158.208				2
2026.01.20	01:46:03.013	158.210	158.215			6
2026.01.20	01:46:11.438	158.211				2
2026.01.20	01:46:18.041	158.208	158.212			6
2026.01.20	01:46:20.095	158.209				2
2026.01.20	01:46:33.390	158.210	158.213			6
2026.01.20	01:46:34.327	158.209				2
2026.01.20	01:46:38.377	158.210				2
2026.01.20	01:46:40.550	158.209	158.212			6
2026.01.20	01:46:43.071	158.208	158.209			6
2026.01.20	01:46:43.377	158.205	158.206			6
2026.01.20	01:46:44.321	158.204				2
2026.01.20	01:46:47.111	158.205				2
2026.01.20	01:46:49.906	158.204				2
2026.01.20	01:46:51.142	158.205				2
2026.01.20	01:46:58.814	158.206	158.207			6
2026.01.20	01:47:00.049	158.206				2
2026.01.20	01:47:04.671	158.207	158.208			6
2026.01.20	01:47:08.346	158.206	158.207			6
2026.01.20	01:47:42.096	158.205	158.206			6
2026.01.20	01:47:48.218	158.204	158.205			6
2026.01.20	01:47:49.138	158.203	158.204			6
2026.01.20	01:47:50.367	158.191	158.192			6
2026.01.20	01:47:50.674	158.190	158.191			6
2026.01.20	01:47:51.282	158.187	158.192			6
2026.01.20	01:47:52.109	158.186	158.191			6
2026.01.20	01:47:54.270		158.190			4
2026.01.20	01:47:56.861	158.188	158.191			6
2026.01.20	01:47:57.179	158.187				2
2026.01.20	01:48:00.177	158.187				2
2026.01.20	01:48:01.457	158.185	158.190			6
2026.01.20	01:48:05.441	158.186				2
2026.01.20	01:48:15.492	158.191	158.192			6
2026.01.20	01:48:15.889	158.189	158.190			6
2026.01.20	01:48:17.729	158.188	158.189			6
2026.01.20	01:48:18.476	158.177	158.178			6
2026.01.20	01:48:18.779	158.179	158.180			6
2026.01.20	01:48:20.435	158.174	158.178			6
2026.01.20	01:48:37.357	158.175				2
2026.01.20	01:48:37.663	158.173				2
2026.01.20	01:48:37.972		158.177			4
2026.01.20	01:48:38.288	158.168	158.171			6
2026.01.20	01:48:38.926	158.167	158.170			6
2026.01.20	01:48:41.395		158.171			4
2026.01.20	01:48:41.702	158.168				2
2026.01.20	01:48:42.629	158.167				2
2026.01.20	01:48:43.580	158.166	158.169			6
2026.01.20	01:48:43.888	158.165				2
2026.01.20	01:48:44.194	158.164				2
2026.01.20	01:48:46.237	158.165				2
2026.01.20	01:48:50.000	158.164	158.167			6
2026.01.20	01:48:50.307	158.163				2
2026.01.20	01:48:51.279	158.164				2
2026.01.20	01:48:52.820		158.168			4
2026.01.20	01:48:56.245	158.165				2
2026.01.20	01:48:57.486	158.167	158.170			6
2026.01.20	01:48:57.796	158.166				2
2026.01.20	01:48:59.638	158.167				2
2026.01.20	01:49:00.261	158.167				2
2026.01.20	01:49:01.200	158.166				2
2026.01.20	01:49:01.837	158.167	158.169			6
2026.01.20	01:49:03.671	158.165	158.168			6
2026.01.20	01:49:03.980	158.164	158.167			6
2026.01.20	01:49:05.512	158.165				2
2026.01.20	01:49:06.127	158.164				2
2026.01.20	01:49:07.345	158.165				2
2026.01.20	01:49:11.324	158.166				2
2026.01.20	01:49:13.152	158.165				2
2026.01.20	01:49:15.294	158.166				2
2026.01.20	01:49:18.674	158.167	158.168			6
2026.01.20	01:49:22.654	158.168	158.169			6
2026.01.20	01:49:22.964	158.167	158.168			6
2026.01.20	01:49:23.887	158.178	158.179			6
2026.01.20	01:49:24.196	158.174				2
2026.01.20	01:49:25.946		158.180			4
2026.01.20	01:49:29.397	158.175				2
2026.01.20	01:49:30.960		158.179			4
2026.01.20	01:49:36.254	158.176	158.180			6
2026.01.20	01:49:39.990		158.179			4
2026.01.20	01:49:40.973		158.180			4
2026.01.20	01:49:43.131	158.177				2
2026.01.20	01:49:45.897	158.172	158.175			6
2026.01.20	01:49:46.200	158.173	158.176			6
2026.01.20	01:49:46.816	158.175	158.178			6
2026.01.20	01:49:47.121		158.177			4
2026.01.20	01:49:48.351	158.176	158.178			6
2026.01.20	01:49:51.103	158.177				2
2026.01.20	01:49:53.252	158.179	158.180			6
2026.01.20	01:49:59.080	158.182	158.183			6
2026.01.20	01:49:59.388	158.186	158.187			6
2026.01.20	01:50:00.300	158.185	158.188			6
2026.01.20	01:50:03.718		158.190			4
2026.01.20	01:50:04.666	158.184	158.188			6
2026.01.20	01:50:05.285	158.185				2
2026.01.20	01:50:06.520		158.189			4
2026.01.20	01:50:07.764	158.191	158.192			6
2026.01.20	01:50:08.080	158.185	158.189			6
2026.01.20	01:50:09.319	158.186				2
2026.01.20	01:50:11.155	158.185	158.188			6
2026.01.20	01:50:13.308	158.186				2
2026.01.20	01:50:16.374	158.187				2
2026.01.20	01:50:17.918	158.181	158.182			6
2026.01.20	01:50:18.224	158.179	158.184			6
2026.01.20	01:50:19.423	158.180				2
2026.01.20	01:50:25.346	158.181				2
2026.01.20	01:50:27.531	158.180				2
2026.01.20	01:50:29.393	158.181				2
2026.01.20	01:50:32.156		158.183			4
2026.01.20	01:50:35.227	158.182				2
2026.01.20	01:50:58.229	158.192	158.193			6
2026.01.20	01:50:58.539	158.193	158.194			6
2026.01.20	01:50:59.142	158.191	158.196			6
2026.01.20	01:51:00.291	158.191				2
2026.01.20	01:51:03.144	158.193	158.197			6
2026.01.20	01:51:06.037	158.191	158.196			6
2026.01.20	01:51:08.695	158.192	158.197			6
2026.01.20	01:51:10.056		158.196			4
2026.01.20	01:51:26.449	158.193				2
2026.01.20	01:51:30.497	158.195	158.197			6
2026.01.20	01:51:37.284	158.196				2
2026.01.20	01:51:40.360	158.197	158.198			6
2026.01.20	01:51:45.581	158.198	158.199			6
2026.01.20	01:51:59.093	158.199	158.200			6
2026.01.20	01:52:00.006	158.199				2
2026.01.20	01:52:01.242	158.193	158.194			6
2026.01.20	01:52:01.548	158.195	158.196			6
2026.01.20	01:52:01.854	158.194	158.195			6
2026.01.20	01:52:02.770	158.193	158.194			6
2026.01.20	01:52:04.602	158.194	158.195			6
2026.01.20	01:52:04.908	158.195	158.196			6
2026.01.20	01:52:08.578	158.196	158.197			6
2026.01.20	01:52:11.950	158.195	158.196			6
2026.01.20	01:52:15.038	158.196	158.197			6
2026.01.20	01:52:17.180	158.195	158.196			6
2026.01.20	01:52:20.573	158.198	158.199			6
2026.01.20	01:52:20.882	158.199	158.200			6
2026.01.20	01:52:21.189	158.198	158.199			6
2026.01.20	01:52:38.297	158.196	158.197			6
2026.01.20	01:52:38.598	158.195	158.196			6
2026.01.20	01:52:43.522	158.198	158.199			6
2026.01.20	01:52:53.668	158.199	158.200			6
2026.01.20	01:52:53.976	158.198	158.199			6
2026.01.20	01:52:59.514	158.206	158.207			6
2026.01.20	01:53:00.131	158.206				2
2026.01.20	01:53:01.972	158.207	158.208			6
2026.01.20	01:53:03.511	158.206	158.207			6
2026.01.20	01:53:09.956	158.207	158.208			6
2026.01.20	01:53:17.643	158.206	158.207			6
2026.01.20	01:53:28.065	158.207	158.208			6
2026.01.20	01:53:31.153	158.206	158.207			6
2026.01.20	01:53:46.162	158.207	158.208			6
2026.01.20	01:53:50.492	158.206	158.207			6
2026.01.20	01:53:57.943	158.205	158.206			6
2026.01.20	01:54:00.087	158.205				2
2026.01.20	01:54:21.277	158.203	158.204			6
2026.01.20	01:54:21.579	158.206	158.207			6
2026.01.20	01:54:33.565	158.205	158.206			6
2026.01.20	01:54:36.329	158.206	158.207			6
2026.01.20	01:54:37.256	158.205	158.206			6
2026.01.20	01:54:41.550	158.206	158.207			6
2026.01.20	01:54:42.168	158.205	158.206			6
2026.01.20	01:54:49.931	158.204	158.205			6
2026.01.20	01:54:50.554	158.205	158.206			6
2026.01.20	01:54:50.861	158.195	158.196			6
2026.01.20	01:54:51.173	158.192	158.193			6
2026.01.20	01:54:52.115	158.189	158.192			6
2026.01.20	01:54:53.771	158.190	158.193			6
2026.01.20	01:54:55.097		158.192			4
2026.01.20	01:54:57.419		158.191			4
2026.01.20	01:54:57.738	158.179	158.183			6
2026.01.20	01:55:00.155	158.179				2
2026.01.20	01:55:02.265		158.182			4
2026.01.20	01:55:03.357	158.178				2
2026.01.20	01:55:05.508		158.183			4
2026.01.20	01:55:11.783		158.182			4
2026.01.20	01:55:15.466	158.175	158.179			6
2026.01.20	01:55:16.754	158.176				2
2026.01.20	01:55:20.173		158.180			4
2026.01.20	01:55:21.431	158.163	158.168			6
2026.01.20	01:55:23.892		158.167			4
2026.01.20	01:55:25.080	158.170	158.171			6
2026.01.20	01:55:26.276	158.169				2
2026.01.20	01:55:27.634	158.170	158.172			6
2026.01.20	01:55:27.951		158.173			4
2026.01.20	01:55:29.007	158.174	158.179			6
2026.01.20	01:55:31.149		158.178			4
2026.01.20	01:55:32.165		158.177			4
2026.01.20	01:55:35.320	158.173				2
2026.01.20	01:55:35.637		158.176			4
2026.01.20	01:55:36.267		158.177			4
2026.01.20	01:55:36.589		158.176			4
2026.01.20	01:55:38.276		158.178			4
2026.01.20	01:55:39.144		158.177			4
2026.01.20	01:55:40.006	158.174	158.178			6
2026.01.20	01:55:40.452	158.173	158.177			6
2026.01.20	01:55:42.161		158.178			4
2026.01.20	01:55:42.910		158.177			4
2026.01.20	01:55:45.365		158.178			4
2026.01.20	01:55:46.968		158.177			4
2026.01.20	01:55:48.621	158.174	158.178			6
2026.01.20	01:55:54.551	158.170	158.173			6
2026.01.20	01:55:55.393	158.174	158.177			6
2026.01.20	01:55:56.478	158.169	158.171			6
2026.01.20	01:56:00.423	158.169				2
2026.01.20	01:56:04.240	158.164	158.169			6
2026.01.20	01:56:04.580		158.168			4
2026.01.20	01:56:05.771	158.165	158.169			6
2026.01.20	01:56:07.333	158.164				2
2026.01.20	01:56:11.198	158.166	158.171			6
2026.01.20	01:56:11.518	158.164	158.169			6
2026.01.20	01:56:12.209	158.165				2
2026.01.20	01:56:20.480	158.164				2
2026.01.20	01:56:20.802	158.165				2
2026.01.20	01:56:22.238		158.170			4
2026.01.20	01:56:22.556	158.171	158.174			6
2026.01.20	01:56:22.862	158.168	158.173			6
2026.01.20	01:56:24.445	158.177	158.182			6
2026.01.20	01:56:24.750	158.178	158.183			6
2026.01.20	01:56:25.195		158.182			4
2026.01.20	01:56:25.649		158.183			4
2026.01.20	01:56:28.193	158.179	158.184			6
2026.01.20	01:56:29.132		158.183			4
2026.01.20	01:56:30.406	158.178				2
2026.01.20	01:56:30.829	158.177	158.182			6
2026.01.20	01:56:36.556	158.178				2
2026.01.20	01:56:37.983		158.183			4
2026.01.20	01:56:41.277	158.179				2
2026.01.20	01:56:48.550	158.180				2
2026.01.20	01:56:50.106	158.184	158.185			6
2026.01.20	01:56:50.975	158.180	158.183			6
2026.01.20	01:56:51.283	158.184	158.185			6
2026.01.20	01:56:52.322	158.180	158.182			6
2026.01.20	01:56:52.631		158.183			4
2026.01.20	01:56:56.378	158.181				2
2026.01.20	01:57:00.054	158.181				2
2026.01.20	01:57:03.435	158.180				2
2026.01.20	01:57:08.361	158.181				2
2026.01.20	01:57:16.297		158.182			4
2026.01.20	01:57:27.635	158.182	158.183			6
2026.01.20	01:57:28.241	158.181	158.182			6
2026.01.20	01:57:31.013	158.182	158.183			6
2026.01.20	01:57:31.629	158.183	158.184			6
2026.01.20	01:57:31.933	158.190	158.191			6
2026.01.20	01:57:32.236		158.193			4
2026.01.20	01:57:32.856		158.191			4
2026.01.20	01:57:33.157	158.186	158.188			6
2026.01.20	01:57:37.429	158.188	158.190			6
2026.01.20	01:57:37.735	158.190	158.193			6
2026.01.20	01:57:38.351	158.189				2
2026.01.20	01:57:39.384	158.190				2
2026.01.20	01:57:44.314		158.192			4
2026.01.20	01:57:47.381	158.191				2
2026.01.20	01:57:49.230	158.186	158.188			6
2026.01.20	01:57:51.989	158.189	158.191			6
2026.01.20	01:57:52.299	158.190				2
2026.01.20	01:57:53.216	158.189				2
2026.01.20	01:57:55.365	158.190				2
2026.01.20	01:58:00.251	158.190				2
2026.01.20	01:58:02.696	158.189	158.190			6
2026.01.20	01:58:02.998	158.188	158.189			6
2026.01.20	01:58:10.081	158.187	158.188			6
2026.01.20	01:58:13.745	158.188	158.189			6
2026.01.20	01:58:20.808	158.189	158.190			6
2026.01.20	01:58:21.729	158.188	158.189			6
2026.01.20	01:58:22.032	158.189	158.190			6
2026.01.20	01:58:22.650	158.188	158.189			6
2026.01.20	01:58:25.108	158.189	158.190			6
2026.01.20	01:58:25.724	158.188	158.189			6
2026.01.20	01:58:26.034	158.189	158.190			6
2026.01.20	01:58:27.872	158.188	158.189			6
2026.01.20	01:58:28.173	158.189	158.190			6
2026.01.20	01:58:28.480	158.188	158.189			6
2026.01.20	01:58:29.707	158.189	158.190			6
2026.01.20	01:58:30.629	158.188	158.189			6
2026.01.20	01:58:38.912	158.187	158.188			6
2026.01.20	01:58:41.068	158.186	158.187			6
2026.01.20	01:58:44.751	158.185	158.186			6
2026.01.20	01:58:46.893	158.186	158.187			6
2026.01.20	01:58:54.576	158.182	158.183			6
2026.01.20	01:59:00.122	158.182				2
2026.01.20	01:59:00.737	158.181	158.182			6
2026.01.20	01:59:01.975	158.177	158.178			6
2026.01.20	01:59:03.208	158.178	158.179			6
2026.01.20	01:59:29.153	158.177	158.178			6
2026.01.20	01:59:31.412	158.178	158.179			6
2026.01.20	01:59:32.334	158.177	158.178			6
2026.01.20	01:59:32.637	158.182	158.183			6
2026.01.20	01:59:36.334	158.181	158.182			6
2026.01.20	01:59:37.260	158.180	158.181			6
2026.01.20	01:59:37.567	158.179	158.180			6
2026.01.20	01:59:38.498	158.180	158.181			6
2026.01.20	01:59:40.638	158.179	158.180			6
2026.01.20	01:59:56.574	158.181	158.182			6
2026.01.20	01:59:58.426	158.180	158.181			6
2026.01.20	01:59:58.733	158.167	158.168			6
2026.01.20	01:59:59.041	158.166	158.167			6
2026.01.20	02:00:00.287	158.165	158.168			6
2026.01.20	02:00:00.612	158.164				2
2026.01.20	02:00:00.957	158.165				2
2026.01.20	02:00:01.580		158.169			4
2026.01.20	02:00:02.664	158.164				2
2026.01.20	02:00:03.013	158.165				2
2026.01.20	02:00:03.599		158.168			4
2026.01.20	02:00:05.835	158.164	158.169			6
2026.01.20	02:00:06.450	158.165				2
2026.01.20	02:00:06.897	158.153	158.158			6
2026.01.20	02:00:07.270	158.155	158.159			6
2026.01.20	02:00:08.855	158.153	158.158			6
2026.01.20	02:00:09.166	158.156	158.159			6
2026.01.20	02:00:09.478		158.161			4
2026.01.20	02:00:09.825	158.153	158.159			6
2026.01.20	02:00:10.769	158.154	158.158			6
2026.01.20	02:00:12.260	158.153				2
2026.01.20	02:00:13.006		158.157			4
2026.01.20	02:00:13.905	158.152	158.156			6
2026.01.20	02:00:15.631	158.153	158.157			6
2026.01.20	02:00:16.255	158.152	158.158			6
2026.01.20	02:00:16.638	158.153	158.157			6
2026.01.20	02:00:17.047		158.158			4
2026.01.20	02:00:17.448	158.154	158.159			6
2026.01.20	02:00:18.356	158.167	158.173			6
2026.01.20	02:00:18.706		158.174			4
2026.01.20	02:00:19.034	158.177	158.182			6
2026.01.20	02:00:19.339	158.186	158.192			6
2026.01.20	02:00:19.643		158.193			4
2026.01.20	02:00:19.976	158.187	158.194			6
2026.01.20	02:00:20.315	158.186	158.189			6
2026.01.20	02:00:20.619	158.180	158.186			6
2026.01.20	02:00:23.310	158.179	158.182			6
2026.01.20	02:00:24.349	158.189	158.195			6
2026.01.20	02:00:24.978	158.190				2
2026.01.20	02:00:25.352		158.196			4
2026.01.20	02:00:25.660	158.192	158.197			6
2026.01.20	02:00:25.960		158.193			4
2026.01.20	02:00:26.340	158.191	158.196			6
2026.01.20	02:00:26.681	158.190				2
2026.01.20	02:00:27.238		158.192			4
2026.01.20	02:00:27.625	158.192	158.196			6
2026.01.20	02:00:28.053	158.190	158.191			6
2026.01.20	02:00:29.053	158.186	158.187			6
2026.01.20	02:00:29.358	158.180	158.186			6
2026.01.20	02:00:32.138	158.181				2
2026.01.20	02:00:32.626	158.185	158.189			6
2026.01.20	02:00:33.164		158.190			4
2026.01.20	02:00:33.555	158.187	158.189			6
2026.01.20	02:00:33.960	158.180	158.182			6
2026.01.20	02:00:34.281	158.179	158.183			6
2026.01.20	02:00:34.687	158.185	158.190			6
2026.01.20	02:00:35.225	158.188	158.189			6
2026.01.20	02:00:36.800	158.187	158.191			6
2026.01.20	02:00:37.142	158.183	158.188			6
2026.01.20	02:00:37.467	158.176	158.181			6
2026.01.20	02:00:37.781	158.165	158.170			6
2026.01.20	02:00:38.123	158.164	158.169			6
2026.01.20	02:00:40.808	158.165	158.170			6
2026.01.20	02:00:41.935	158.166	158.171			6
2026.01.20	02:00:42.265		158.172			4
2026.01.20	02:00:43.836	158.165	158.169			6
2026.01.20	02:00:44.140		158.170			4
2026.01.20	02:00:44.642	158.166	158.172			6
2026.01.20	02:00:45.024	158.165	158.168			6
2026.01.20	02:00:45.347	158.163				2
2026.01.20	02:00:45.659	158.143	158.146			6
2026.01.20	02:00:45.968	158.146	158.151			6
2026.01.20	02:00:46.303	158.147	158.153			6
2026.01.20	02:00:46.621	158.150	158.155			6
2026.01.20	02:00:49.822	158.148	158.153			6
2026.01.20	02:00:50.351	158.149	158.155			6
2026.01.20	02:00:51.125		158.154			4
2026.01.20	02:00:52.155	158.143	158.147			6
2026.01.20	02:00:52.457		158.148			4
2026.01.20	02:00:54.863	158.161	158.162			6
2026.01.20	02:00:55.166	158.162	158.167			6
2026.01.20	02:00:55.479		158.168			4
2026.01.20	02:00:58.206	158.165	158.171			6
2026.01.20	02:01:00.197	158.165				2
2026.01.20	02:01:00.646	158.176	158.182			6
2026.01.20	02:01:01.322	158.170	158.173			6
2026.01.20	02:01:01.625	158.168				2
2026.01.20	02:01:01.932	158.174	158.178			6
2026.01.20	02:01:02.237	158.176	158.181			6
2026.01.20	02:01:02.550	158.177	158.182			6
2026.01.20	02:01:02.938	158.174	158.180			6
2026.01.20	02:01:03.243	158.169	158.173			6
2026.01.20	02:01:03.907	158.168	158.172			6
2026.01.20	02:01:04.289		158.173			4
2026.01.20	02:01:04.668	158.170	158.174			6
2026.01.20	02:01:05.405	158.178	158.183			6
2026.01.20	02:01:05.737	158.177				2
2026.01.20	02:01:07.517		158.182			4
2026.01.20	02:01:10.930	158.172	158.173			6
2026.01.20	02:01:11.236	158.165	158.171			6
2026.01.20	02:01:12.651	158.167	158.173			6
2026.01.20	02:01:15.381	158.173	158.178			6
2026.01.20	02:01:15.685		158.179			4
2026.01.20	02:01:17.102	158.177	158.182			6
2026.01.20	02:01:17.415		158.183			4
2026.01.20	02:01:18.272		158.182			4
2026.01.20	02:01:20.442		158.183			4
2026.01.20	02:01:21.422		158.182			4
2026.01.20	02:01:22.042		158.183			4
2026.01.20	02:01:22.432		158.181			4
2026.01.20	02:01:24.342	158.192	158.196			6
2026.01.20	02:01:24.660	158.202	158.205			6
2026.01.20	02:01:28.670		158.206			4
2026.01.20	02:01:33.274	158.204	158.209			6
2026.01.20	02:01:34.032	158.214	158.218			6
2026.01.20	02:01:34.342	158.216	158.222			6
2026.01.20	02:01:35.378		158.221			4
2026.01.20	02:01:36.346	158.215				2
2026.01.20	02:01:41.393		158.220			4
2026.01.20	02:01:44.345		158.221			4
2026.01.20	02:01:45.265		158.220			4
2026.01.20	02:01:46.312		158.221			4
2026.01.20	02:01:47.288	158.228	158.234			6
2026.01.20	02:01:48.751	158.227	158.232			6
2026.01.20	02:01:49.507	158.228	158.233			6
2026.01.20	02:01:50.966		158.232			4
2026.01.20	02:01:52.917	158.221	158.226			6
2026.01.20	02:01:53.676	158.220	158.223			6
2026.01.20	02:01:53.980	158.209	158.214			6
2026.01.20	02:01:54.310	158.202	158.207			6
2026.01.20	02:01:54.697	158.201	158.206			6
2026.01.20	02:01:55.344	158.204	158.208			6
2026.01.20	02:01:56.097	158.200	158.205			6
2026.01.20	02:01:56.403	158.198	158.203			6
2026.01.20	02:01:57.114		158.205			4
2026.01.20	02:01:57.419	158.200				2
2026.01.20	02:01:58.345		158.206			4
2026.01.20	02:01:58.669	158.190	158.195			6
2026.01.20	02:02:00.232	158.190				2
2026.01.20	02:02:00.537	158.189				2
2026.01.20	02:02:01.153	158.188				2
2026.01.20	02:02:01.560	158.189				2
2026.01.20	02:02:01.878	158.188				2
2026.01.20	02:02:02.214	158.189				2
2026.01.20	02:02:03.150	158.190				2
2026.01.20	02:02:03.458	158.189				2
2026.01.20	02:02:04.389	158.188	158.193			6
2026.01.20	02:02:04.699	158.189				2
2026.01.20	02:02:05.182	158.190	158.194			6
2026.01.20	02:02:06.445	158.201	158.204			6
2026.01.20	02:02:06.760		158.206			4
2026.01.20	02:02:08.058	158.203	158.207			6
2026.01.20	02:02:08.363	158.202				2
2026.01.20	02:02:11.943	158.203				2
2026.01.20	02:02:12.869	158.202				2
2026.01.20	02:02:13.181	158.200	158.205			6
2026.01.20	02:02:16.107	158.201				2
2026.01.20	02:02:16.414	158.200				2
2026.01.20	02:02:17.433	158.201				2
2026.01.20	02:02:18.058		158.206			4
2026.01.20	02:02:18.366	158.202				2
2026.01.20	02:02:20.548	158.201				2
2026.01.20	02:02:20.853	158.202				2
2026.01.20	02:02:21.168	158.201				2
2026.01.20	02:02:22.403	158.177	158.180			6
2026.01.20	02:02:22.718	158.174	158.179			6
2026.01.20	02:02:23.340	158.173				2
2026.01.20	02:02:23.671	158.172	158.178			6
2026.01.20	02:02:24.311	158.175	158.179			6
2026.01.20	02:02:24.648	158.176				2
2026.01.20	02:02:25.004	158.175				2
2026.01.20	02:02:27.182		158.180			4
2026.01.20	02:02:27.894	158.174	158.179			6
2026.01.20	02:02:28.640		158.178			4
2026.01.20	02:02:29.508	158.176	158.180			6
2026.01.20	02:02:30.600	158.175				2
2026.01.20	02:02:32.024	158.174				2
2026.01.20	02:02:32.341	158.176				2
2026.01.20	02:02:33.009		158.181			4
2026.01.20	02:02:35.777	158.180	158.184			6
2026.01.20	02:02:37.376	158.178	158.182			6
2026.01.20	02:02:37.709		158.183			4
2026.01.20	02:02:38.395	158.176	158.181			6
2026.01.20	02:02:38.726	158.174				2
2026.01.20	02:02:39.677	158.167	158.171			6
2026.01.20	02:02:39.981	158.174	158.180			6
2026.01.20	02:02:40.300	158.168	158.172			6
2026.01.20	02:02:40.618	158.166	158.171			6
2026.01.20	02:02:52.759		158.170			4
2026.01.20	02:02:55.567		158.171			4
2026.01.20	02:02:56.390		158.170			4
2026.01.20	02:03:00.071	158.166				2
2026.01.20	02:03:00.374		158.169			4
2026.01.20	02:03:00.681		158.170			4
2026.01.20	02:03:02.216	158.167				2
2026.01.20	02:03:03.130		158.169			4
2026.01.20	02:03:03.755		158.170			4
2026.01.20	02:03:04.063	158.171	158.172			6
2026.01.20	02:03:04.366	158.190	158.192			6
2026.01.20	02:03:04.673		158.191			4
2026.01.20	02:03:05.287		158.192			4
2026.01.20	02:03:06.218	158.180	158.185			6
2026.01.20	02:03:06.524	158.179	158.182			6
2026.01.20	02:03:07.150		158.181			4
2026.01.20	02:03:09.334		158.182			4
2026.01.20	02:03:11.701		158.183			4
2026.01.20	02:03:12.009	158.180	158.184			6
2026.01.20	02:03:12.312		158.185			4
2026.01.20	02:03:13.894	158.181				2
2026.01.20	02:03:14.198	158.180	158.184			6
2026.01.20	02:03:16.958	158.179				2
2026.01.20	02:03:17.262	158.180				2
2026.01.20	02:03:17.570	158.179				2
2026.01.20	02:03:18.182	158.180				2
2026.01.20	02:03:19.715		158.185			4
2026.01.20	02:03:20.019	158.181				2
2026.01.20	02:03:20.322	158.191	158.193			6
2026.01.20	02:03:20.627	158.192	158.196			6
2026.01.20	02:03:22.895	158.191				2
2026.01.20	02:03:23.206	158.190	158.192			6
2026.01.20	02:03:23.512	158.188	158.191			6
2026.01.20	02:03:24.116	158.186				2
2026.01.20	02:03:24.418		158.190			4
2026.01.20	02:03:25.031	158.187				2
2026.01.20	02:03:29.027	158.186	158.191			6
2026.01.20	02:03:30.472	158.180	158.185			6
2026.01.20	02:03:31.091	158.182				2
2026.01.20	02:03:31.403	158.181				2
2026.01.20	02:03:32.105		158.184			4
2026.01.20	02:03:32.414		158.183			4
2026.01.20	02:03:34.248	158.180				2
2026.01.20	02:03:34.556	158.181				2
2026.01.20	02:03:34.860	158.180				2
2026.01.20	02:03:35.472	158.181				2
2026.01.20	02:03:35.778	158.180				2
2026.01.20	02:03:36.692	158.181				2
2026.01.20	02:03:37.916	158.182				2
2026.01.20	02:03:38.223	158.181				2
2026.01.20	02:03:38.837	158.179	158.182			6
2026.01.20	02:03:39.143	158.181				2
2026.01.20	02:03:39.452	158.180				2
2026.01.20	02:03:40.362	158.179	158.180			6
2026.01.20	02:03:40.672	158.178	158.179			6
2026.01.20	02:03:43.114		158.180			4
2026.01.20	02:03:45.260	158.177				2
2026.01.20	02:03:46.791		158.179			4
2026.01.20	02:03:48.617	158.178	158.181			6
2026.01.20	02:03:49.837	158.179				2
2026.01.20	02:03:50.140	158.181	158.183			6
2026.01.20	02:03:50.446	158.182				2
2026.01.20	02:03:52.603	158.181				2
2026.01.20	02:03:52.904	158.182	158.185			6
2026.01.20	02:03:53.210	158.183				2
2026.01.20	02:03:53.518	158.186	158.187			6
2026.01.20	02:03:53.821	158.189	158.192			6
2026.01.20	02:03:54.127	158.190	158.193			6
2026.01.20	02:03:54.811		158.192			4
2026.01.20	02:03:55.113	158.189				2
2026.01.20	02:03:55.421	158.187	158.190			6
2026.01.20	02:03:55.728	158.189	158.191			6
2026.01.20	02:03:56.031	158.192	158.195			6
2026.01.20	02:03:56.959	158.193	158.196			6
2026.01.20	02:03:58.530	158.192	158.195			6
2026.01.20	02:03:59.141	158.193				2
2026.01.20	02:03:59.447	158.192	158.194			6
2026.01.20	02:03:59.749	158.193	158.195			6
2026.01.20	02:04:00.062	158.193				2
2026.01.20	02:04:00.375	158.192	158.194			6
2026.01.20	02:04:01.294	158.193	158.195			6
2026.01.20	02:04:01.597	158.192	158.194			6
2026.01.20	02:04:03.121	158.193	158.195			6
2026.01.20	02:04:05.262	158.194	158.196			6
2026.01.20	02:04:05.569	158.193	158.195			6
2026.01.20	02:04:05.871	158.191	158.193			6
2026.01.20	02:04:06.178	158.192	158.194			6
2026.01.20	02:04:07.417	158.193	158.195			6
2026.01.20	02:04:08.327	158.192	158.194			6
2026.01.20	02:04:08.635	158.193	158.195			6
2026.01.20	02:04:09.866	158.194	158.196			6
2026.01.20	02:04:10.171		158.195			4
2026.01.20	02:04:11.703	158.193	158.194			6
2026.01.20	02:04:12.638	158.194	158.195			6
2026.01.20	02:04:13.255	158.196	158.197			6
2026.01.20	02:04:16.646	158.195	158.196			6
2026.01.20	02:04:19.418	158.193	158.194			6
2026.01.20	02:04:21.555	158.194	158.195			6
2026.01.20	02:04:21.863	158.193	158.194			6
2026.01.20	02:04:22.172	158.191	158.192			6
2026.01.20	02:04:28.625	158.189	158.190			6
2026.01.20	02:04:29.542	158.191	158.192			6
2026.01.20	02:04:30.147	158.189	158.190			6
2026.01.20	02:04:30.763	158.190	158.191			6
2026.01.20	02:04:31.683	158.191	158.192			6
2026.01.20	02:04:33.840	158.192	158.193			6
2026.01.20	02:04:34.145	158.193	158.194			6
2026.01.20	02:04:47.345	158.194	158.195			6
2026.01.20	02:04:48.573	158.195	158.196			6
2026.01.20	02:04:49.797	158.196	158.197			6
2026.01.20	02:04:50.099	158.195	158.196			6
2026.01.20	02:04:55.622	158.187	158.188			6
2026.01.20	02:04:55.927	158.188	158.189			6
2026.01.20	02:04:56.241	158.191	158.192			6
2026.01.20	02:04:56.545	158.192	158.193			6
2026.01.20	02:04:57.467	158.185	158.186			6
2026.01.20	02:04:58.703	158.184	158.185			6
2026.01.20	02:04:59.323	158.195	158.196			6
2026.01.20	02:05:00.247	158.194	158.195			6
2026.01.20	02:05:00.559	158.193	158.194			6
2026.01.20	02:05:01.164	158.191	158.192			6
2026.01.20	02:05:01.467	158.192	158.193			6
2026.01.20	02:05:03.611	158.194	158.195			6
2026.01.20	02:05:04.219	158.196	158.197			6
2026.01.20	02:05:04.525	158.198	158.199			6
2026.01.20	02:05:04.831	158.197	158.198			6
2026.01.20	02:05:05.748	158.202	158.203			6
2026.01.20	02:05:06.051	158.204	158.205			6
2026.01.20	02:05:07.272	158.205	158.206			6
2026.01.20	02:05:07.576	158.204	158.205			6
2026.01.20	02:05:08.180	158.206	158.207			6
2026.01.20	02:05:08.486	158.208	158.209			6
2026.01.20	02:05:08.798	158.209	158.210			6
2026.01.20	02:05:09.110	158.211	158.212			6
2026.01.20	02:05:10.034	158.213	158.214			6
2026.01.20	02:05:10.337	158.216	158.217			6
2026.01.20	02:05:12.186	158.215	158.216			6
2026.01.20	02:05:13.723	158.216	158.217			6
2026.01.20	02:05:14.337	158.215	158.216			6
2026.01.20	02:05:15.271	158.216	158.217			6
2026.01.20	02:05:15.572	158.218	158.219			6
2026.01.20	02:05:17.401	158.219	158.220			6
2026.01.20	02:05:19.249	158.218	158.219			6
2026.01.20	02:05:20.480	158.216	158.217			6
2026.01.20	02:05:20.794	158.215	158.216			6
2026.01.20	02:05:21.413	158.216	158.217			6
2026.01.20	02:05:22.329	158.215	158.216			6
2026.01.20	02:05:22.942	158.217	158.218			6
2026.01.20	02:05:23.243	158.216	158.217			6
2026.01.20	02:05:23.554	158.214	158.215			6
2026.01.20	02:05:23.860	158.208	158.209			6
2026.01.20	02:05:24.470	158.212	158.213			6
2026.01.20	02:05:24.778	158.211	158.212			6
2026.01.20	02:05:25.388	158.210	158.211			6
2026.01.20	02:05:25.692	158.219	158.220			6
2026.01.20	02:05:26.000	158.218	158.219			6
2026.01.20	02:05:34.584	158.217	158.218			6
2026.01.20	02:05:36.109	158.218	158.219			6
2026.01.20	02:05:38.255	158.230	158.231			6
2026.01.20	02:05:39.481	158.229	158.230			6
2026.01.20	02:05:40.086	158.231	158.232			6
2026.01.20	02:05:40.705	158.234	158.235			6
2026.01.20	02:05:43.151	158.233	158.234			6
2026.01.20	02:05:47.730	158.232	158.233			6
2026.01.20	02:05:48.032	158.231	158.232			6
2026.01.20	02:05:48.957	158.233	158.234			6
2026.01.20	02:05:50.809	158.234	158.235			6
2026.01.20	02:05:51.439	158.233	158.234			6
2026.01.20	02:05:53.579	158.232	158.233			6
2026.01.20	02:05:53.888	158.233	158.234			6
2026.01.20	02:05:55.728	158.232	158.233			6
2026.01.20	02:05:56.658	158.233	158.234			6
2026.01.20	02:06:00.031	158.233				2
2026.01.20	02:06:03.123	158.237	158.238			6
2026.01.20	02:06:03.431	158.236	158.237			6
2026.01.20	02:06:03.747	158.234				2
2026.01.20	02:06:04.057		158.236			4
2026.01.20	02:06:04.358	158.239	158.240			6
2026.01.20	02:06:04.981	158.240	158.241			6
2026.01.20	02:06:05.903	158.239	158.240			6
2026.01.20	02:06:06.208	158.242	158.243			6
2026.01.20	02:06:06.516	158.243	158.244			6
2026.01.20	02:06:06.817	158.244	158.245			6
2026.01.20	02:06:08.965	158.243	158.244			6
2026.01.20	02:06:12.318	158.238	158.239			6
2026.01.20	02:06:12.620	158.235	158.236			6
2026.01.20	02:06:12.922	158.234	158.235			6
2026.01.20	02:06:14.155	158.236	158.237			6
2026.01.20	02:06:19.675	158.237	158.238			6
2026.01.20	02:06:19.990	158.236	158.237			6
2026.01.20	02:06:21.231	158.235	158.236			6
2026.01.20	02:06:22.164	158.236	158.237			6
2026.01.20	02:06:23.079	158.234	158.235			6
2026.01.20	02:06:24.338	158.235	158.236			6
2026.01.20	02:06:24.647	158.234	158.235			6
2026.01.20	02:06:25.267	158.230	158.231			6
2026.01.20	02:06:25.572	158.235	158.236			6
2026.01.20	02:06:28.335	158.233	158.234			6
2026.01.20	02:06:28.649	158.234	158.235			6
2026.01.20	02:06:32.385	158.233	158.234			6
2026.01.20	02:06:32.697	158.234	158.235			6
2026.01.20	02:06:33.315	158.235	158.236			6
2026.01.20	02:06:34.874	158.234	158.235			6
2026.01.20	02:06:35.810	158.233	158.234			6
2026.01.20	02:06:36.732	158.236	158.237			6
2026.01.20	02:06:37.344	158.235	158.236			6
2026.01.20	02:06:37.650	158.234	158.235			6
2026.01.20	02:06:38.872	158.233	158.234			6
2026.01.20	02:06:39.187	158.234	158.235			6
2026.01.20	02:06:40.415	158.231	158.232			6
2026.01.20	02:06:40.720	158.230	158.231			6
2026.01.20	02:06:41.347	158.231	158.232			6
2026.01.20	02:06:44.459	158.234	158.235			6
2026.01.20	02:06:45.381	158.235	158.236			6
2026.01.20	02:06:46.304	158.234	158.235			6
2026.01.20	02:06:46.613	158.235	158.236			6
2026.01.20	02:06:48.769	158.244	158.245			6
2026.01.20	02:06:49.075	158.245	158.246			6
2026.01.20	02:06:49.379	158.244	158.245			6
2026.01.20	02:06:50.924	158.243	158.244			6
2026.01.20	02:06:52.796	158.244	158.245			6
2026.01.20	02:06:54.059	158.246	158.247			6
2026.01.20	02:06:54.364	158.245	158.246			6
2026.01.20	02:06:56.247	158.244	158.245			6
2026.01.20	02:06:57.173	158.245	158.246			6
2026.01.20	02:06:57.798	158.246	158.247			6
2026.01.20	02:06:58.101	158.253	158.254			6
2026.01.20	02:06:58.415	158.255	158.256			6
2026.01.20	02:06:59.032	158.253	158.254			6
2026.01.20	02:06:59.977	158.251	158.252			6
2026.01.20	02:07:00.280	158.252	158.253			6
2026.01.20	02:07:00.901	158.253	158.254			6
2026.01.20	02:07:01.204	158.254	158.255			6
2026.01.20	02:07:02.448	158.255	158.256			6
2026.01.20	02:07:03.063	158.254	158.255			6
2026.01.20	02:07:04.302	158.253	158.254			6
2026.01.20	02:07:04.614	158.254	158.255			6
2026.01.20	02:07:06.174	158.257	158.258			6
2026.01.20	02:07:10.523	158.256	158.257			6
2026.01.20	02:07:10.825	158.254	158.255			6
2026.01.20	02:07:11.449	158.255	158.256			6
2026.01.20	02:07:11.767	158.257	158.258			6
2026.01.20	02:07:12.999	158.253	158.254			6
2026.01.20	02:07:13.307	158.242	158.243			6
2026.01.20	02:07:13.610	158.243	158.244			6
2026.01.20	02:07:14.230	158.242	158.243			6
2026.01.20	02:07:16.087	158.236	158.237			6
2026.01.20	02:07:18.598	158.234	158.235			6
2026.01.20	02:07:20.776	158.235	158.236			6
2026.01.20	02:07:22.001	158.231	158.232			6
2026.01.20	02:07:23.245	158.233	158.234			6
2026.01.20	02:07:24.164	158.235	158.236			6
2026.01.20	02:07:24.778	158.234	158.235			6
2026.01.20	02:07:30.365	158.233	158.234			6
2026.01.20	02:07:32.524	158.232	158.233			6
2026.01.20	02:07:34.709	158.233	158.234			6
2026.01.20	02:07:35.327	158.229	158.230			6
2026.01.20	02:07:41.208	158.228	158.229			6
2026.01.20	02:07:42.470	158.229	158.230			6
2026.01.20	02:07:43.722	158.231	158.232			6
2026.01.20	02:07:44.028	158.232	158.233			6
2026.01.20	02:07:45.274	158.239	158.240			6
2026.01.20	02:07:46.504	158.240	158.241			6
2026.01.20	02:07:47.134	158.239	158.240			6
2026.01.20	02:07:47.448	158.240	158.241			6
2026.01.20	02:07:48.988	158.241	158.242			6
2026.01.20	02:07:49.291	158.242	158.243			6
2026.01.20	02:07:49.600	158.243	158.244			6
2026.01.20	02:07:49.919	158.244	158.245			6
2026.01.20	02:07:50.836	158.243	158.244			6
2026.01.20	02:07:52.401	158.242	158.243			6
2026.01.20	02:07:52.716	158.243	158.244			6
2026.01.20	02:07:55.210	158.244	158.245			6
2026.01.20	02:07:57.362	158.245	158.246			6
2026.01.20	02:07:58.295	158.246	158.247			6
2026.01.20	02:08:00.172	158.246				2
2026.01.20	02:08:00.790	158.245	158.246			6
2026.01.20	02:08:02.327	158.244	158.245			6
2026.01.20	02:08:05.412	158.243	158.244			6
2026.01.20	02:08:05.715	158.242	158.243			6
2026.01.20	02:08:09.164	158.243	158.244			6
2026.01.20	02:08:11.032	158.241	158.242			6
2026.01.20	02:08:11.343	158.240	158.241			6
2026.01.20	02:08:11.652	158.241	158.242			6
2026.01.20	02:08:12.276	158.242	158.243			6
2026.01.20	02:08:13.217	158.241	158.242			6
2026.01.20	02:08:14.146	158.242	158.243			6
2026.01.20	02:08:16.626	158.241	158.242			6
2026.01.20	02:08:17.874	158.242	158.243			6
2026.01.20	02:08:20.066	158.243	158.244			6
2026.01.20	02:08:22.236	158.244	158.245			6
2026.01.20	02:08:24.375	158.243	158.244			6
2026.01.20	02:08:25.014	158.244	158.245			6
2026.01.20	02:08:25.625	158.243	158.244			6
2026.01.20	02:08:25.938	158.242	158.243			6
2026.01.20	02:08:30.544	158.241	158.242			6
2026.01.20	02:08:31.791	158.242	158.243			6
2026.01.20	02:08:33.947	158.241	158.242			6
2026.01.20	02:08:34.578	158.242	158.243			6
2026.01.20	02:08:36.415	158.238	158.239			6
2026.01.20	02:08:36.722	158.236	158.237			6
2026.01.20	02:08:37.029	158.233	158.234			6
2026.01.20	02:08:37.338	158.232	158.233			6
2026.01.20	02:08:39.503	158.233	158.234			6
2026.01.20	02:08:39.813	158.232	158.233			6
2026.01.20	02:08:40.438	158.233	158.234			6
2026.01.20	02:08:43.245	158.234	158.235			6
2026.01.20	02:08:46.312	158.233	158.234			6
2026.01.20	02:08:46.616	158.232	158.233			6
2026.01.20	02:08:47.844	158.231	158.232			6
2026.01.20	02:08:50.321	158.230	158.231			6
2026.01.20	02:08:55.288	158.236	158.237			6
2026.01.20	02:08:57.125	158.235	158.236			6
2026.01.20	02:08:57.440	158.236	158.237			6
2026.01.20	02:09:00.196	158.236				2
2026.01.20	02:09:02.035	158.235	158.236			6
2026.01.20	02:09:04.815	158.234	158.235			6
2026.01.20	02:09:05.121	158.232	158.233			6
2026.01.20	02:09:07.284	158.233	158.234			6
2026.01.20	02:09:08.506	158.232	158.233			6
2026.01.20	02:09:09.741	158.233	158.234			6
2026.01.20	02:09:10.049	158.232	158.233			6
2026.01.20	02:09:10.352	158.231	158.232			6
2026.01.20	02:09:20.461	158.222	158.223			6
2026.01.20	02:09:22.323	158.221	158.222			6
2026.01.20	02:09:25.083	158.222	158.223			6
2026.01.20	02:09:26.917	158.221	158.222			6
2026.01.20	02:09:33.725	158.220	158.221			6
2026.01.20	02:09:35.890	158.221	158.222			6
2026.01.20	02:09:37.127	158.220	158.221			6
2026.01.20	02:09:49.518	158.222	158.223			6
2026.01.20	02:09:55.652	158.221	158.222			6
2026.01.20	02:09:57.234	158.220	158.221			6
2026.01.20	02:10:00.046	158.220				2
2026.01.20	02:10:00.353	158.221	158.222			6
2026.01.20	02:10:01.898	158.220	158.221			6
2026.01.20	02:10:03.458	158.221	158.222			6
2026.01.20	02:10:05.004	158.233	158.234			6
2026.01.20	02:10:13.069	158.232	158.233			6
2026.01.20	02:10:13.388	158.233	158.234			6
2026.01.20	02:10:17.967	158.232	158.233			6
2026.01.20	02:10:20.157	158.233	158.234			6
2026.01.20	02:10:38.578	158.232	158.233			6
2026.01.20	02:10:41.084	158.233	158.234			6
2026.01.20	02:10:45.694	158.232	158.233			6
2026.01.20	02:10:49.740	158.233	158.234			6
2026.01.20	02:10:50.051	158.232	158.233			6
2026.01.20	02:10:57.264	158.233	158.234			6
2026.01.20	02:10:57.575	158.232	158.233			6
2026.01.20	02:11:00.073	158.232				2
2026.01.20	02:11:01.639	158.233	158.234			6
2026.01.20	02:11:06.243	158.232	158.233			6
2026.01.20	02:11:12.370	158.228	158.229			6
2026.01.20	02:11:14.873	158.229	158.230			6
2026.01.20	02:11:15.179	158.228	158.229			6
2026.01.20	02:11:17.344	158.229	158.230			6
2026.01.20	02:11:17.650	158.228	158.229			6
2026.01.20	02:11:17.963	158.229	158.230			6
2026.01.20	02:11:18.588	158.228	158.229			6
2026.01.20	02:11:20.131	158.229	158.230			6
2026.01.20	02:11:20.748	158.230	158.231			6
2026.01.20	02:11:21.062	158.229	158.230			6
2026.01.20	02:11:21.373	158.228	158.229			6
2026.01.20	02:11:23.223	158.229	158.230			6
2026.01.20	02:11:23.526	158.228	158.229			6
2026.01.20	02:11:24.470	158.229	158.230			6
2026.01.20	02:11:29.061	158.228	158.229			6
2026.01.20	02:11:29.698	158.229	158.230			6
2026.01.20	02:11:33.989	158.231	158.232			6
2026.01.20	02:11:34.293	158.233	158.234			6
2026.01.20	02:11:35.552	158.243	158.244			6
2026.01.20	02:11:35.858	158.244	158.245			6
2026.01.20	02:11:36.480	158.243	158.244			6
2026.01.20	02:11:37.708	158.244	158.245			6
2026.01.20	02:11:39.858	158.243	158.244			6
2026.01.20	02:11:40.163	158.244	158.245			6
2026.01.20	02:11:42.334	158.245	158.246			6
2026.01.20	02:11:44.193	158.246	158.247			6
2026.01.20	02:11:44.498	158.247	158.248			6
2026.01.20	02:11:44.806	158.246	158.247			6
2026.01.20	02:11:46.369	158.248	158.249			6
2026.01.20	02:11:46.672	158.247	158.248			6
2026.01.20	02:11:46.974	158.248	158.249			6
2026.01.20	02:11:47.276	158.246	158.247			6
2026.01.20	02:11:47.580	158.244	158.245			6
2026.01.20	02:11:47.888	158.246	158.247			6
2026.01.20	02:11:48.190	158.251	158.252			6
2026.01.20	02:11:48.491	158.252	158.253			6
2026.01.20	02:11:49.105	158.253	158.254			6
2026.01.20	02:11:49.418	158.254	158.255			6
2026.01.20	02:11:49.724	158.257	158.258			6
2026.01.20	02:11:51.888	158.258	158.259			6
2026.01.20	02:11:52.815	158.260	158.261			6
2026.01.20	02:11:53.742	158.259	158.260			6
2026.01.20	02:11:54.055	158.261	158.262			6
2026.01.20	02:11:54.987	158.262	158.263			6
2026.01.20	02:11:57.123	158.264	158.265			6
2026.01.20	02:11:58.044	158.263	158.264			6
2026.01.20	02:11:58.976	158.262	158.263			6
2026.01.20	02:11:59.288	158.266	158.267			6
2026.01.20	02:11:59.899	158.268	158.270			6
2026.01.20	02:12:00.213	158.269	158.272			6
2026.01.20	02:12:00.520	158.268				2
2026.01.20	02:12:01.458	158.269				2
2026.01.20	02:12:01.766	158.268	158.269			6
2026.01.20	02:12:02.400	158.267	158.268			6
2026.01.20	02:12:03.022	158.268	158.269			6
2026.01.20	02:12:03.636	158.267	158.268			6
2026.01.20	02:12:03.963	158.268	158.269			6
2026.01.20	02:12:09.211	158.267	158.268			6
2026.01.20	02:12:11.400	158.268	158.269			6
2026.01.20	02:12:12.311	158.267	158.268			6
2026.01.20	02:12:24.686	158.268	158.269			6
2026.01.20	02:12:26.208	158.267	158.268			6
2026.01.20	02:12:26.821	158.266	158.267			6
2026.01.20	02:12:27.452	158.261	158.262			6
2026.01.20	02:12:27.758	158.260	158.261			6
2026.01.20	02:12:28.075	158.259	158.260			6
2026.01.20	02:12:28.686	158.260	158.261			6
2026.01.20	02:12:29.289	158.261	158.262			6
2026.01.20	02:12:30.832	158.262	158.263			6
2026.01.20	02:12:31.152	158.256	158.257			6
2026.01.20	02:12:32.086	158.255	158.256			6
2026.01.20	02:12:33.626	158.253	158.254			6
2026.01.20	02:12:34.886	158.254	158.255			6
2026.01.20	02:12:35.191	158.256	158.257			6
2026.01.20	02:12:36.709	158.254	158.255			6
2026.01.20	02:12:37.011	158.255	158.256			6
2026.01.20	02:12:37.639	158.254	158.255			6
2026.01.20	02:12:38.574	158.255	158.256			6
2026.01.20	02:12:44.725	158.257	158.258			6
2026.01.20	02:12:49.021	158.254	158.255			6
2026.01.20	02:12:50.577	158.253	158.254			6
2026.01.20	02:12:50.886	158.254	158.255			6
2026.01.20	02:12:52.116	158.253	158.254			6
2026.01.20	02:12:54.919	158.254	158.255			6
2026.01.20	02:12:56.456	158.253	158.254			6
2026.01.20	02:12:59.876	158.254	158.255			6
2026.01.20	02:13:00.180	158.254				2
2026.01.20	02:13:01.719	158.253	158.254			6
2026.01.20	02:13:02.658	158.247	158.248			6
2026.01.20	02:13:02.961	158.246	158.247			6
2026.01.20	02:13:04.197	158.245	158.246			6
2026.01.20	02:13:04.508	158.247	158.248			6
2026.01.20	02:13:05.733	158.246	158.247			6
2026.01.20	02:13:06.047	158.247	158.248			6
2026.01.20	02:13:07.618	158.246	158.247			6
2026.01.20	02:13:08.549	158.248	158.249			6
2026.01.20	02:13:13.159	158.247	158.248			6
2026.01.20	02:13:14.071	158.248	158.249			6
2026.01.20	02:13:14.704	158.247	158.248			6
2026.01.20	02:13:16.882	158.248	158.249			6
2026.01.20	02:13:17.194	158.247	158.248			6
2026.01.20	02:13:17.499	158.246	158.247			6
2026.01.20	02:13:24.045	158.247	158.248			6
2026.01.20	02:13:24.964	158.249	158.250			6
2026.01.20	02:13:25.274	158.252	158.253			6
2026.01.20	02:13:25.586	158.253	158.254			6
2026.01.20	02:13:26.203	158.252	158.253			6
2026.01.20	02:13:26.506	158.253	158.254			6
2026.01.20	02:13:28.356	158.254	158.255			6
2026.01.20	02:13:28.658	158.253	158.254			6
2026.01.20	02:13:29.902	158.254	158.255			6
2026.01.20	02:13:30.506	158.253	158.254			6
2026.01.20	02:13:32.059	158.254	158.255			6
2026.01.20	02:13:33.000	158.253	158.254			6
2026.01.20	02:13:36.086	158.254	158.255			6
2026.01.20	02:13:39.116	158.257	158.258			6
2026.01.20	02:13:39.424	158.256	158.257			6
2026.01.20	02:13:39.733	158.257	158.258			6
2026.01.20	02:13:40.661	158.256	158.257			6
2026.01.20	02:13:40.965	158.255	158.256			6
2026.01.20	02:13:41.285	158.256	158.257			6
2026.01.20	02:13:41.592	158.257	158.258			6
2026.01.20	02:13:41.905	158.258	158.259			6
2026.01.20	02:13:42.208	158.259	158.260			6
2026.01.20	02:13:42.830	158.258	158.259			6
2026.01.20	02:13:43.132	158.259	158.260			6
2026.01.20	02:13:43.435	158.260	158.261			6
2026.01.20	02:13:56.185	158.262	158.263			6
2026.01.20	02:13:58.340	158.261	158.262			6
2026.01.20	02:14:00.198	158.261				2
2026.01.20	02:14:00.505	158.263	158.264			6
2026.01.20	02:14:00.810	158.264	158.265			6
2026.01.20	02:14:01.441	158.265	158.266			6
2026.01.20	02:14:02.063	158.268	158.269			6
2026.01.20	02:14:02.975	158.269	158.270			6
2026.01.20	02:14:03.584	158.270	158.271			6
2026.01.20	02:14:04.193	158.281	158.282			6
2026.01.20	02:14:04.498	158.282	158.283			6
2026.01.20	02:14:07.885	158.281	158.282			6
2026.01.20	02:14:08.498	158.280	158.281			6
2026.01.20	02:14:10.965	158.279	158.280			6
2026.01.20	02:14:12.206	158.277	158.278			6
2026.01.20	02:14:12.520	158.276	158.277			6
2026.01.20	02:14:13.142	158.275	158.276			6
2026.01.20	02:14:13.450	158.271	158.272			6
2026.01.20	02:14:14.387	158.270	158.271			6
2026.01.20	02:14:16.260	158.271	158.272			6
2026.01.20	02:14:18.731	158.272	158.273			6
2026.01.20	02:14:19.349	158.271	158.272			6
2026.01.20	02:14:20.599	158.269	158.270			6
2026.01.20	02:14:21.835	158.268	158.269			6
2026.01.20	02:14:22.158	158.269	158.270			6
2026.01.20	02:14:22.463	158.268	158.269			6
2026.01.20	02:14:23.385	158.269	158.270			6
2026.01.20	02:14:23.693	158.268	158.269			6
2026.01.20	02:14:26.498	158.269	158.270			6
2026.01.20	02:14:26.807	158.268	158.269			6
2026.01.20	02:14:27.109	158.267	158.268			6
2026.01.20	02:14:27.420	158.268	158.269			6
2026.01.20	02:14:28.045	158.269	158.270			6
2026.01.20	02:14:28.350	158.268	158.269			6
2026.01.20	02:14:28.966	158.266	158.267			6
2026.01.20	02:14:29.911	158.267	158.268			6
2026.01.20	02:14:31.155	158.266	158.267			6
2026.01.20	02:14:31.464	158.267	158.268			6
2026.01.20	02:14:36.416	158.266	158.267			6
2026.01.20	02:14:37.358	158.267	158.268			6
2026.01.20	02:14:40.732	158.268	158.269			6
2026.01.20	02:14:41.039	158.269	158.270			6
2026.01.20	02:14:41.347	158.271	158.272			6
2026.01.20	02:14:41.649	158.272	158.273			6
2026.01.20	02:14:41.951	158.271	158.272			6
2026.01.20	02:14:42.870	158.269	158.270			6
2026.01.20	02:14:44.102	158.270	158.271			6
2026.01.20	02:14:44.715	158.278	158.279			6
2026.01.20	02:14:45.975	158.276	158.277			6
2026.01.20	02:14:46.276	158.274	158.275			6
2026.01.20	02:14:46.590	158.276	158.277			6
2026.01.20	02:14:47.513	158.273	158.274			6
2026.01.20	02:14:48.778	158.268	158.269			6
2026.01.20	02:14:49.080	158.269	158.270			6
2026.01.20	02:14:52.162	158.266	158.267			6
2026.01.20	02:14:53.411	158.267	158.268			6
2026.01.20	02:14:54.663	158.265	158.266			6
2026.01.20	02:14:54.982	158.266	158.267			6
2026.01.20	02:14:57.750	158.267	158.268			6
2026.01.20	02:14:59.296	158.268	158.269			6
2026.01.20	02:14:59.602	158.269	158.270			6
2026.01.20	02:15:00.226	158.269				2
2026.01.20	02:15:00.862	158.266	158.267			6
2026.01.20	02:15:01.482	158.261	158.262			6
2026.01.20	02:15:03.539	158.262	158.263			6
2026.01.20	02:15:03.847	158.261	158.262			6
2026.01.20	02:15:04.153	158.262	158.263			6
2026.01.20	02:15:04.777	158.257	158.258			6
2026.01.20	02:15:05.384	158.261	158.262			6
2026.01.20	02:15:05.686	158.260	158.261			6
2026.01.20	02:15:07.554	158.261	158.262			6
2026.01.20	02:15:10.344	158.264	158.265			6
