<DATE>	<TIME>	<BID>	<ASK>	<LAST>	<VOLUME>	<FLAGS>
2026.04.13	00:03:30.774	159.620	159.694			6
2026.04.13	00:03:34.210		159.691			4
2026.04.13	00:03:35.171		159.694			4
2026.04.13	00:03:36.330		159.689			4
2026.04.13	00:03:40.365	159.610	159.686			6
2026.04.13	00:03:49.092		159.683			4
2026.04.13	00:03:53.219	159.519	159.681			6
2026.04.13	00:03:55.166	159.518				2
2026.04.13	00:04:00.297	159.518				2
2026.04.13	00:04:04.509		159.675			4
2026.04.13	00:04:11.429		159.681			4
2026.04.13	00:04:27.702	159.530	159.682			6
2026.04.13	00:04:30.112		159.676			4
2026.04.13	00:04:33.541	159.518	159.675			6
2026.04.13	00:04:35.648	159.530	159.676			6
2026.04.13	00:04:37.316		159.643			4
2026.04.13	00:04:37.980		159.639			4
2026.04.13	00:04:44.938	159.510	159.637			6
2026.04.13	00:04:59.803	159.519	159.638			6
2026.04.13	00:05:01.967	159.519				2
2026.04.13	00:05:02.267		159.650			4
2026.04.13	00:05:02.572		159.644			4
2026.04.13	00:05:03.969	159.537				2
2026.04.13	00:05:04.871		159.654			4
2026.04.13	00:05:05.173	159.536				2
2026.04.13	00:05:16.321	159.528				2
2026.04.13	00:05:30.753	159.530	159.655			6
2026.04.13	00:05:31.055	159.545				2
2026.04.13	00:05:36.774		159.653			4
2026.04.13	00:05:38.586	159.550	159.654			6
2026.04.13	00:05:42.380		159.658			4
2026.04.13	00:05:48.554		159.650			4
2026.04.13	00:05:49.870		159.654			4
2026.04.13	00:05:54.647		159.653			4
2026.04.13	00:06:04.728	159.549				2
2026.04.13	00:06:05.028	159.550				2
2026.04.13	00:06:09.628		159.657			4
2026.04.13	00:07:04.734	159.550				2
2026.04.13	00:07:11.086		159.657			4
2026.04.13	00:07:24.645		159.656			4
2026.04.13	00:08:01.088	159.550				2
2026.04.13	00:08:27.875		159.656			4
2026.04.13	00:08:42.536		159.642			4
2026.04.13	00:08:54.313		159.637			4
2026.04.13	00:08:54.614	159.549	159.642			6
2026.04.13	00:08:54.916		159.647			4
2026.04.13	00:08:55.217	159.550				2
2026.04.13	00:09:00.232	159.550	159.646			6
2026.04.13	00:10:00.233	159.550	159.646			6
2026.04.13	00:10:01.608		159.644			4
2026.04.13	00:10:16.673		159.646			4
2026.04.13	00:10:41.538		159.647			4
2026.04.13	00:11:00.201	159.555				2
2026.04.13	00:11:11.327	159.553				2
2026.04.13	00:11:32.376	159.552				2
2026.04.13	00:11:41.707		159.647			4
2026.04.13	00:11:46.519		159.644			4
2026.04.13	00:11:57.054	159.550				2
2026.04.13	00:12:01.087	159.550				2
2026.04.13	00:12:49.659		159.644			4
2026.04.13	00:13:01.660	159.550				2
2026.04.13	00:13:08.112		159.640			4
2026.04.13	00:13:22.852		159.643			4
2026.04.13	00:13:37.510	159.540	159.642			6
2026.04.13	00:13:40.682	159.541	159.643			6
2026.04.13	00:13:40.983	159.542				2
2026.04.13	00:13:43.329	159.541				2
2026.04.13	00:13:43.991	159.540				2
2026.04.13	00:13:54.667		159.645			4
2026.04.13	00:13:54.968		159.646			4
2026.04.13	00:14:00.759	159.540				2
2026.04.13	00:14:11.710		159.633			4
2026.04.13	00:14:16.523		159.627			4
2026.04.13	00:14:16.823	159.539				2
2026.04.13	00:14:34.153	159.538				2
2026.04.13	00:14:35.509	159.533	159.625			6
2026.04.13	00:14:46.331	159.532	159.629			6
2026.04.13	00:14:47.830		159.626			4
2026.04.13	00:15:00.159	159.532				2
2026.04.13	00:15:00.461	159.531				2
2026.04.13	00:15:00.760	159.526				2
2026.04.13	00:15:05.576		159.628			4
2026.04.13	00:15:10.099	159.522	159.626			6
2026.04.13	00:15:11.603		159.627			4
2026.04.13	00:15:20.029		159.611			4
2026.04.13	00:15:20.330		159.610			4
2026.04.13	00:15:29.352	159.529				2
2026.04.13	00:15:30.859	159.524				2
2026.04.13	00:15:41.994	159.522	159.607			6
2026.04.13	00:15:45.901		159.606			4
2026.04.13	00:15:55.825		159.607			4
2026.04.13	00:16:00.030	159.522				2
2026.04.13	00:16:07.244		159.609			4
2026.04.13	00:16:08.146	159.518				2
2026.04.13	00:16:09.649	159.517				2
2026.04.13	00:16:10.851		159.608			4
2026.04.13	00:16:16.266	159.513				2
2026.04.13	00:16:25.298		159.609			4
2026.04.13	00:16:34.327	159.505				2
2026.04.13	00:16:34.629	159.520				2
2026.04.13	00:16:43.349	159.505				2
2026.04.13	00:16:47.805	159.508	159.607			6
2026.04.13	00:16:48.424	159.523				2
2026.04.13	00:16:49.026		159.604			4
2026.04.13	00:16:49.625	159.521				2
2026.04.13	00:16:51.728		159.606			4
2026.04.13	00:16:54.136	159.513				2
2026.04.13	00:17:00.148	159.513				2
2026.04.13	00:17:32.929	159.507				2
2026.04.13	00:17:41.342	159.510				2
2026.04.13	00:17:42.894	159.513				2
2026.04.13	00:17:43.195		159.605			4
2026.04.13	00:17:44.629	159.510				2
2026.04.13	00:17:44.929	159.507				2
2026.04.13	00:17:47.666	159.510				2
2026.04.13	00:17:52.043	159.513				2
2026.04.13	00:17:52.343	159.517				2
2026.04.13	00:17:55.567	159.519				2
2026.04.13	00:17:55.869	159.525				2
2026.04.13	00:17:58.494	159.517				2
2026.04.13	00:18:00.087	159.517				2
2026.04.13	00:18:03.761	159.513				2
2026.04.13	00:18:04.951		159.604			4
2026.04.13	00:18:08.340	159.517				2
2026.04.13	00:18:12.177	159.521				2
2026.04.13	00:18:13.360	159.517				2
2026.04.13	00:18:16.747	159.523				2
2026.04.13	00:18:19.449	159.525				2
2026.04.13	00:18:38.173	159.513				2
2026.04.13	00:18:51.405		159.603			4
2026.04.13	00:19:00.130	159.513				2
2026.04.13	00:19:30.518	159.525				2
2026.04.13	00:19:50.260		159.602			4
2026.04.13	00:19:52.108	159.513				2
2026.04.13	00:19:55.256		159.589			4
2026.04.13	00:19:55.858		159.588			4
2026.04.13	00:19:56.761	159.515	159.602			6
2026.04.13	00:20:00.074	159.515				2
2026.04.13	00:20:12.720		159.601			4
2026.04.13	00:20:16.628	159.525	159.608			6
2026.04.13	00:20:30.532	159.526				2
2026.04.13	00:20:32.152	159.521				2
2026.04.13	00:20:42.152	159.522				2
2026.04.13	00:20:49.684	159.521				2
2026.04.13	00:20:59.162	159.533	159.607			6
2026.04.13	00:21:00.104	159.533				2
2026.04.13	00:21:24.460	159.541	159.650			6
2026.04.13	00:21:24.761	159.546				2
2026.04.13	00:21:27.712	159.545				2
2026.04.13	00:21:33.258	159.540				2
2026.04.13	00:21:34.201	159.539				2
2026.04.13	00:21:38.786	159.537				2
2026.04.13	00:21:47.782	159.541				2
2026.04.13	00:22:00.142	159.541				2
2026.04.13	00:22:17.608		159.658			4
2026.04.13	00:22:17.908	159.552	159.667			6
2026.04.13	00:22:19.059		159.668			4
2026.04.13	00:22:19.359	159.551	159.669			6
2026.04.13	00:22:23.560	159.550	159.670			6
2026.04.13	00:22:30.160	159.549	159.671			6
2026.04.13	00:22:35.475	159.551	159.669			6
2026.04.13	00:22:38.259	159.550				2
2026.04.13	00:22:38.562		159.670			4
2026.04.13	00:22:49.660	159.549	159.671			6
2026.04.13	00:22:51.160	159.548	159.672			6
2026.04.13	00:22:52.908	159.553	159.667			6
2026.04.13	00:22:55.060	159.552	159.668			6
2026.04.13	00:23:01.960	159.552				2
2026.04.13	00:23:03.159	159.551	159.669			6
2026.04.13	00:23:09.460	159.550				2
2026.04.13	00:23:09.761		159.670			4
2026.04.13	00:23:12.460	159.546	159.674			6
2026.04.13	00:23:14.888	159.545	159.675			6
2026.04.13	00:23:18.584	159.546	159.674			6
2026.04.13	00:23:26.559	159.545				2
2026.04.13	00:23:26.860		159.675			4
2026.04.13	00:23:33.969	159.547				2
2026.04.13	00:23:36.985		159.676			4
2026.04.13	00:23:43.617		159.677			4
2026.04.13	00:23:49.626		159.678			4
2026.04.13	00:23:58.662		159.679			4
2026.04.13	00:24:00.165	159.547				2
2026.04.13	00:24:02.877	159.544	159.674			6
2026.04.13	00:24:16.119		159.675			4
2026.04.13	00:24:24.229		159.673			4
2026.04.13	00:24:56.749		159.674			4
2026.04.13	00:25:00.058	159.544				2
2026.04.13	00:25:37.695	159.539				2
2026.04.13	00:25:39.500		159.675			4
2026.04.13	00:25:42.811		159.674			4
2026.04.13	00:25:46.417	159.537				2
2026.04.13	00:26:00.249	159.537				2
2026.04.13	00:26:05.371		159.675			4
2026.04.13	00:26:11.087		159.673			4
2026.04.13	00:26:26.119		159.672			4
2026.04.13	00:26:41.757		159.673			4
2026.04.13	00:26:43.562		159.670			4
2026.04.13	00:27:00.117	159.537				2
2026.04.13	00:27:43.443	159.535	159.675			6
2026.04.13	00:27:47.353	159.532	159.670			6
2026.04.13	00:27:56.380		159.671			4
2026.04.13	00:28:00.294	159.532				2
2026.04.13	00:28:01.197		159.661			4
2026.04.13	00:28:03.903		159.662			4
2026.04.13	00:28:09.327	159.528	159.665			6
2026.04.13	00:28:12.160	159.527	159.666			6
2026.04.13	00:28:13.407		159.661			4
2026.04.13	00:28:21.885	159.525	159.663			6
2026.04.13	00:28:23.260		159.664			4
2026.04.13	00:28:31.660		159.663			4
2026.04.13	00:28:37.062		159.664			4
2026.04.13	00:28:40.659	159.524				2
2026.04.13	00:28:42.090	159.525				2
2026.04.13	00:28:49.900	159.524				2
2026.04.13	00:28:53.559	159.525				2
2026.04.13	00:28:57.069	159.524	159.656			6
2026.04.13	00:28:59.462	159.525	159.668			6
2026.04.13	00:29:03.459	159.525				2
2026.04.13	00:29:04.660	159.524				2
2026.04.13	00:29:04.959		159.669			4
2026.04.13	00:29:07.998	159.527				2
2026.04.13	00:29:11.560		159.670			4
2026.04.13	00:29:17.913	159.526				2
2026.04.13	00:29:18.217		159.671			4
2026.04.13	00:29:19.662	159.528	159.675			6
2026.04.13	00:29:20.198	159.526				2
2026.04.13	00:29:20.500		159.671			4
2026.04.13	00:29:21.054	159.527	159.670			6
2026.04.13	00:29:35.979	159.528	159.675			6
2026.04.13	00:29:39.124	159.526				2
2026.04.13	00:29:43.192	159.530				2
2026.04.13	00:30:00.760	159.530				2
2026.04.13	00:30:14.029	159.532				2
2026.04.13	00:30:16.770		159.669			4
2026.04.13	00:30:21.649		159.672			4
2026.04.13	00:30:26.260		159.671			4
2026.04.13	00:30:30.023		159.670			4
2026.04.13	00:30:31.657	159.529				2
2026.04.13	00:30:43.090	159.527				2
2026.04.13	00:30:43.470	159.529				2
2026.04.13	00:30:48.478		159.669			4
2026.04.13	00:30:59.968		159.668			4
2026.04.13	00:31:00.271	159.529				2
2026.04.13	00:31:10.222		159.669			4
2026.04.13	00:31:12.327		159.670			4
2026.04.13	00:31:16.534		159.669			4
2026.04.13	00:31:17.738		159.670			4
2026.04.13	00:31:23.749	159.542				2
2026.04.13	00:32:00.158	159.542				2
2026.04.13	00:32:17.915		159.670			4
2026.04.13	00:32:25.729	159.543				2
2026.04.13	00:32:29.691	159.551	159.620			6
2026.04.13	00:32:36.210	159.537	159.618			6
2026.04.13	00:33:00.232	159.537				2
2026.04.13	00:33:35.911	159.536				2
2026.04.13	00:33:36.211		159.617			4
2026.04.13	00:34:00.160	159.536				2
2026.04.13	00:34:36.460		159.617			4
2026.04.13	00:35:00.232	159.536				2
2026.04.13	00:35:36.760		159.617			4
2026.04.13	00:36:00.232	159.536				2
2026.04.13	00:36:08.445	159.537				2
2026.04.13	00:36:36.162	159.540				2
2026.04.13	00:36:36.462	159.547				2
2026.04.13	00:36:36.762		159.617			4
2026.04.13	00:36:54.225	159.536	159.611			6
2026.04.13	00:36:57.529	159.532				2
2026.04.13	00:36:59.636		159.598			4
2026.04.13	00:37:00.238	159.532				2
2026.04.13	00:37:16.173	159.540	159.599			6
2026.04.13	00:37:26.718		159.602			4
2026.04.13	00:37:27.619		159.599			4
2026.04.13	00:37:49.876		159.594			4
2026.04.13	00:37:59.812	159.539				2
2026.04.13	00:38:00.112	159.539				2
2026.04.13	00:38:50.062		159.594			4
2026.04.13	00:38:57.287		159.599			4
2026.04.13	00:39:00.000	159.539				2
2026.04.13	00:39:10.241		159.598			4
2026.04.13	00:39:31.919	159.538				2
2026.04.13	00:39:34.922		159.597			4
2026.04.13	00:39:40.340	159.537	159.595			6
2026.04.13	00:39:42.745		159.598			4
2026.04.13	00:39:57.160	159.547	159.600			6
2026.04.13	00:39:57.461	159.540				2
2026.04.13	00:40:00.232	159.540				2
2026.04.13	00:40:28.037	159.539				2
2026.04.13	00:40:57.460	159.541	159.600			6
2026.04.13	00:41:00.162	159.541				2
2026.04.13	00:41:02.426	159.543	159.604			6
2026.04.13	00:41:10.839	159.533				2
2026.04.13	00:41:22.279	159.543	159.603			6
2026.04.13	00:41:25.895	159.542				2
2026.04.13	00:41:30.112	159.541				2
2026.04.13	00:41:35.521	159.540				2
2026.04.13	00:41:46.355		159.610			4
2026.04.13	00:41:47.558	159.538	159.608			6
2026.04.13	00:41:53.276	159.537				2
2026.04.13	00:42:00.207	159.537				2
2026.04.13	00:42:05.620	159.536	159.599			6
2026.04.13	00:42:05.920	159.525	159.564			6
2026.04.13	00:42:06.220	159.523				2
2026.04.13	00:42:15.653	159.522				2
2026.04.13	00:42:16.254	159.539	159.606			6
2026.04.13	00:42:16.555	159.540				2
2026.04.13	00:42:17.458	159.541				2
2026.04.13	00:42:33.118	159.538				2
2026.04.13	00:42:39.130	159.537				2
2026.04.13	00:42:54.758	159.536				2
2026.04.13	00:43:00.176	159.536				2
2026.04.13	00:43:01.381	159.537				2
2026.04.13	00:43:09.512	159.536				2
2026.04.13	00:43:16.422		159.606			4
2026.04.13	00:43:25.443		159.604			4
2026.04.13	00:43:41.086	159.535				2
2026.04.13	00:43:44.699	159.534				2
2026.04.13	00:44:00.032	159.534				2
2026.04.13	00:44:07.542	159.535				2
2026.04.13	00:44:14.150	159.554	159.644			6
2026.04.13	00:44:14.449	159.555	159.643			6
2026.04.13	00:44:17.559	159.554				2
2026.04.13	00:44:17.859		159.644			4
2026.04.13	00:44:21.810	159.536	159.626			6
2026.04.13	00:44:24.215	159.559	159.625			6
2026.04.13	00:44:32.027		159.624			4
2026.04.13	00:44:44.962	159.537	159.626			6
2026.04.13	00:44:52.788		159.628			4
2026.04.13	00:45:00.009	159.537				2
2026.04.13	00:45:02.413		159.629			4
2026.04.13	00:45:04.819		159.628			4
2026.04.13	00:45:21.659		159.627			4
2026.04.13	00:45:25.275	159.536				2
2026.04.13	00:45:30.997	159.538				2
2026.04.13	00:45:48.733	159.539				2
2026.04.13	00:45:53.849	159.538				2
2026.04.13	00:45:54.149	159.537				2
2026.04.13	00:46:00.158	159.537				2
2026.04.13	00:46:20.925	159.539				2
2026.04.13	00:46:21.828		159.627			4
2026.04.13	00:46:45.924	159.538				2
2026.04.13	00:46:51.035	159.539				2
2026.04.13	00:46:58.250	159.538				2
2026.04.13	00:47:00.058	159.538				2
2026.04.13	00:47:02.167	159.535				2
2026.04.13	00:47:04.273	159.538				2
2026.04.13	00:47:04.873	159.537				2
2026.04.13	00:47:10.903	159.538				2
2026.04.13	00:47:22.026		159.627			4
2026.04.13	00:48:00.247	159.538				2
2026.04.13	00:48:02.952	159.537				2
2026.04.13	00:48:06.271	159.536				2
2026.04.13	00:48:09.279	159.537				2
2026.04.13	00:48:17.701	159.536				2
2026.04.13	00:48:22.217		159.627			4
2026.04.13	00:48:22.518	159.537				2
2026.04.13	00:48:30.932	159.536				2
2026.04.13	00:48:51.716	159.537				2
2026.04.13	00:49:00.142	159.537				2
2026.04.13	00:49:16.998	159.536				2
2026.04.13	00:49:17.299		159.631			4
2026.04.13	00:49:18.469	159.535	159.619			6
2026.04.13	00:49:21.776	159.536				2
2026.04.13	00:49:22.381	159.547				2
2026.04.13	00:49:24.791	159.543				2
2026.04.13	00:49:25.992		159.627			4
2026.04.13	00:49:26.600	159.542				2
2026.04.13	00:49:26.900	159.539				2
2026.04.13	00:49:33.219	159.537				2
2026.04.13	00:49:37.726	159.536				2
2026.04.13	00:49:52.765		159.623			4
2026.04.13	00:50:00.009	159.536				2
2026.04.13	00:50:22.582		159.621			4
2026.04.13	00:51:00.211	159.536				2
2026.04.13	00:51:22.764		159.621			4
2026.04.13	00:52:00.220	159.536				2
2026.04.13	00:52:22.794		159.621			4
2026.04.13	00:52:25.808	159.535				2
2026.04.13	00:52:50.180	159.548	159.648			6
2026.04.13	00:52:50.480	159.547				2
2026.04.13	00:52:54.399	159.555	159.657			6
2026.04.13	00:52:54.699		159.659			4
2026.04.13	00:52:57.421	159.559				2
2026.04.13	00:52:58.326		159.660			4
2026.04.13	00:52:58.626		159.659			4
2026.04.13	00:53:00.129	159.559				2
2026.04.13	00:53:01.029		159.660			4
2026.04.13	00:53:02.231		159.659			4
2026.04.13	00:53:02.533		159.660			4
2026.04.13	00:53:05.844		159.659			4
2026.04.13	00:53:06.145		159.660			4
2026.04.13	00:53:08.852		159.661			4
2026.04.13	00:53:15.174		159.662			4
2026.04.13	00:53:16.079		159.661			4
2026.04.13	00:53:23.900		159.662			4
2026.04.13	00:53:27.210		159.665			4
2026.04.13	00:53:27.510		159.664			4
2026.04.13	00:53:27.812		159.662			4
2026.04.13	00:53:28.111		159.663			4
2026.04.13	00:53:28.711		159.664			4
2026.04.13	00:53:29.613	159.555	159.666			6
2026.04.13	00:53:30.504	159.549				2
2026.04.13	00:53:31.293		159.668			4
2026.04.13	00:53:31.594	159.554				2
2026.04.13	00:53:32.194	159.549	159.667			6
2026.04.13	00:53:32.495	159.550				2
2026.04.13	00:53:33.128		159.670			4
2026.04.13	00:53:50.447	159.551				2
2026.04.13	00:53:50.748	159.554				2
2026.04.13	00:53:51.048		159.655			4
2026.04.13	00:53:55.463	159.553				2
2026.04.13	00:53:55.763		159.656			4
2026.04.13	00:54:00.160	159.553	159.657			6
2026.04.13	00:54:01.117		159.656			4
2026.04.13	00:54:02.149		159.659			4
2026.04.13	00:54:05.646		159.660			4
2026.04.13	00:54:06.350		159.661			4
2026.04.13	00:54:06.971		159.662			4
2026.04.13	00:54:09.460		159.663			4
2026.04.13	00:54:21.964	159.572	159.670			6
2026.04.13	00:54:22.265	159.565				2
2026.04.13	00:54:33.261	159.566				2
2026.04.13	00:54:33.560	159.571				2
2026.04.13	00:54:36.916	159.570	159.654			6
2026.04.13	00:54:50.260	159.573				2
2026.04.13	00:55:00.087	159.573				2
2026.04.13	00:55:00.388	159.571				2
2026.04.13	00:55:00.688	159.572				2
2026.04.13	00:55:01.595	159.573				2
2026.04.13	00:55:03.280	159.572				2
2026.04.13	00:55:03.581	159.573				2
2026.04.13	00:55:14.765		159.650			4
2026.04.13	00:55:50.351	159.574				2
2026.04.13	00:56:00.290	159.574				2
2026.04.13	00:56:02.394	159.572				2
2026.04.13	00:56:02.997	159.575				2
2026.04.13	00:56:15.031		159.650			4
2026.04.13	00:56:51.443	159.573	159.647			6
2026.04.13	00:57:00.187	159.573				2
2026.04.13	00:57:01.392		159.646			4
2026.04.13	00:57:01.693		159.645			4
2026.04.13	00:57:02.902	159.572				2
2026.04.13	00:57:10.425	159.573				2
2026.04.13	00:57:39.916		159.634			4
2026.04.13	00:57:51.934		159.633			4
2026.04.13	00:58:00.059	159.573				2
2026.04.13	00:58:03.077	159.571	159.635			6
2026.04.13	00:58:09.687	159.576				2
2026.04.13	00:58:09.991	159.580	159.633			6
2026.04.13	00:58:31.350	159.577				2
2026.04.13	00:58:31.653	159.578	159.634			6
2026.04.13	00:58:42.805	159.576				2
2026.04.13	00:58:50.924	159.577				2
2026.04.13	00:58:52.124		159.632			4
2026.04.13	00:59:00.250	159.577				2
2026.04.13	00:59:02.351		159.633			4
2026.04.13	00:59:05.966		159.632			4
2026.04.13	00:59:06.264		159.630			4
2026.04.13	00:59:08.081	159.581	159.647			6
2026.04.13	00:59:31.850	159.580	159.632			6
2026.04.13	00:59:32.152	159.577				2
2026.04.13	00:59:39.975	159.578				2
2026.04.13	00:59:41.486	159.577				2
2026.04.13	01:00:00.145	159.577	159.608			6
2026.04.13	01:00:00.452	159.575	159.633			6
2026.04.13	01:00:00.744	159.585	159.643			6
2026.04.13	01:00:01.051	159.597				2
2026.04.13	01:00:01.346	159.583				2
2026.04.13	01:00:01.651	159.592	159.669			6
2026.04.13	01:00:01.948	159.595	159.674			6
2026.04.13	01:00:02.246	159.596				2
2026.04.13	01:00:02.545		159.704			4
2026.04.13	01:00:04.353	159.608	159.716			6
2026.04.13	01:00:04.950	159.610	159.683			6
2026.04.13	01:00:06.450	159.612	159.690			6
2026.04.13	01:00:07.053	159.608	159.696			6
2026.04.13	01:00:07.352	159.614				2
2026.04.13	01:00:07.650	159.610				2
2026.04.13	01:00:08.250		159.718			4
2026.04.13	01:00:08.557	159.620	159.728			6
2026.04.13	01:00:08.854		159.695			4
2026.04.13	01:00:09.451	159.622				2
2026.04.13	01:00:10.358	159.626				2
2026.04.13	01:00:10.652	159.624	159.732			6
2026.04.13	01:00:11.554		159.694			4
2026.04.13	01:00:12.753		159.732			4
2026.04.13	01:00:14.858	159.626	159.733			6
2026.04.13	01:00:15.161	159.628				2
2026.04.13	01:00:15.460		159.736			4
2026.04.13	01:00:16.063	159.630	159.738			6
2026.04.13	01:00:16.365	159.632	159.740			6
2026.04.13	01:00:16.962	159.616	159.724			6
2026.04.13	01:00:17.267	159.608	159.716			6
2026.04.13	01:00:17.563	159.602	159.710			6
2026.04.13	01:00:19.067	159.604	159.712			6
2026.04.13	01:00:19.665	159.602	159.710			6
2026.04.13	01:00:19.967	159.604	159.712			6
2026.04.13	01:00:20.568	159.601	159.708			6
2026.04.13	01:00:22.368		159.706			4
2026.04.13	01:00:25.673		159.705			4
2026.04.13	01:00:26.871	159.602	159.700			6
2026.04.13	01:00:27.177	159.608				2
2026.04.13	01:00:27.777	159.592				2
2026.04.13	01:00:28.075	159.590	159.698			6
2026.04.13	01:00:28.677	159.610				2
2026.04.13	01:00:29.574		159.704			4
2026.04.13	01:00:29.878		159.702			4
2026.04.13	01:00:30.176	159.604	159.700			6
2026.04.13	01:00:30.480	159.599	159.701			6
2026.04.13	01:00:30.776	159.609	159.696			6
2026.04.13	01:00:31.075		159.697			4
2026.04.13	01:00:31.376		159.703			4
2026.04.13	01:00:31.680		159.700			4
2026.04.13	01:00:31.980		159.699			4
2026.04.13	01:00:33.475		159.700			4
2026.04.13	01:00:33.776		159.701			4
2026.04.13	01:00:34.677		159.698			4
2026.04.13	01:00:35.878		159.697			4
2026.04.13	01:00:36.178		159.695			4
2026.04.13	01:00:36.479		159.696			4
2026.04.13	01:00:36.780		159.697			4
2026.04.13	01:00:37.080		159.701			4
2026.04.13	01:00:37.380		159.702			4
2026.04.13	01:00:37.681		159.704			4
2026.04.13	01:00:37.981		159.702			4
2026.04.13	01:00:38.282	159.606	159.701			6
2026.04.13	01:00:40.082		159.702			4
2026.04.13	01:00:40.381		159.700			4
2026.04.13	01:00:40.684	159.614	159.712			6
2026.04.13	01:00:40.982		159.715			4
2026.04.13	01:00:43.684	159.611	159.714			6
2026.04.13	01:00:43.983	159.612	159.718			6
2026.04.13	01:00:44.283	159.613	159.721			6
2026.04.13	01:00:46.086	159.610	159.710			6
2026.04.13	01:00:47.588	159.611				2
2026.04.13	01:00:47.888	159.610				2
2026.04.13	01:00:51.791	159.608	159.704			6
2026.04.13	01:00:53.892	159.614	159.708			6
2026.04.13	01:00:54.492	159.618				2
2026.04.13	01:00:55.392	159.614	159.701			6
2026.04.13	01:00:56.892	159.612	159.694			6
2026.04.13	01:00:57.193	159.614	159.700			6
2026.04.13	01:00:58.394	159.607	159.698			6
2026.04.13	01:00:59.899	159.629	159.706			6
2026.04.13	01:01:00.207	159.628				2
2026.04.13	01:01:00.500	159.640				2
2026.04.13	01:01:00.800	159.635				2
2026.04.13	01:01:01.400	159.630				2
2026.04.13	01:01:01.700	159.638				2
2026.04.13	01:01:02.001		159.722			4
2026.04.13	01:01:02.301	159.633	159.723			6
2026.04.13	01:01:02.601		159.710			4
2026.04.13	01:01:02.902	159.634				2
2026.04.13	01:01:03.202	159.642				2
2026.04.13	01:01:03.801	159.650				2
2026.04.13	01:01:04.101	159.654				2
2026.04.13	01:01:05.002		159.716			4
2026.04.13	01:01:05.301		159.715			4
2026.04.13	01:01:05.601	159.648	159.719			6
2026.04.13	01:01:05.902	159.643	159.710			6
2026.04.13	01:01:06.507	159.639				2
2026.04.13	01:01:07.705	159.655				2
2026.04.13	01:01:08.006	159.645				2
2026.04.13	01:01:09.209	159.647				2
2026.04.13	01:01:11.306	159.649				2
2026.04.13	01:01:11.606	159.648				2
2026.04.13	01:01:22.116	159.653				2
2026.04.13	01:01:22.413	159.647				2
2026.04.13	01:01:23.017	159.657				2
2026.04.13	01:01:23.316	159.665				2
2026.04.13	01:01:23.614	159.659				2
2026.04.13	01:01:24.814	159.660				2
2026.04.13	01:01:25.419	159.659				2
2026.04.13	01:01:28.419	159.655				2
2026.04.13	01:01:29.320	159.659				2
2026.04.13	01:01:30.823	159.660				2
2026.04.13	01:01:33.821	159.659				2
2026.04.13	01:01:35.321	159.656				2
2026.04.13	01:01:36.230	159.658				2
2026.04.13	01:01:37.724	159.659				2
2026.04.13	01:01:38.026	159.658				2
2026.04.13	01:01:38.323	159.657				2
2026.04.13	01:01:38.928	159.656				2
2026.04.13	01:01:39.527	159.661	159.739			6
2026.04.13	01:01:39.823	159.682				2
2026.04.13	01:01:40.126	159.685				2
2026.04.13	01:01:40.426	159.679				2
2026.04.13	01:01:40.725	159.681				2
2026.04.13	01:01:41.325	159.697	159.740			6
2026.04.13	01:01:41.625	159.699				2
2026.04.13	01:01:42.228	159.709				2
2026.04.13	01:01:42.526	159.718				2
2026.04.13	01:01:42.826	159.715				2
2026.04.13	01:01:43.127	159.720	159.729			6
2026.04.13	01:01:43.429	159.695	159.740			6
2026.04.13	01:01:44.026	159.697				2
2026.04.13	01:01:44.325	159.712				2
2026.04.13	01:01:44.931		159.745			4
2026.04.13	01:01:45.230	159.700	159.747			6
2026.04.13	01:01:45.528	159.695				2
2026.04.13	01:01:45.827	159.694				2
2026.04.13	01:01:46.127	159.704	159.749			6
2026.04.13	01:01:46.428	159.709	159.747			6
2026.04.13	01:01:47.028	159.694	159.749			6
2026.04.13	01:01:47.331	159.698				2
2026.04.13	01:01:47.629		159.746			4
2026.04.13	01:01:47.929	159.684	159.741			6
2026.04.13	01:01:48.828	159.688	159.746			6
2026.04.13	01:01:49.433	159.697	159.743			6
2026.04.13	01:01:50.332	159.673	159.736			6
2026.04.13	01:01:50.634	159.676				2
2026.04.13	01:01:51.836	159.674	159.737			6
2026.04.13	01:01:52.133	159.675	159.738			6
2026.04.13	01:01:53.034	159.676				2
2026.04.13	01:01:55.139	159.680	159.743			6
2026.04.13	01:01:56.640	159.686	159.747			6
2026.04.13	01:01:56.942	159.687	159.746			6
2026.04.13	01:01:57.238	159.674				2
2026.04.13	01:01:57.539	159.682				2
2026.04.13	01:01:58.446		159.745			4
2026.04.13	01:01:59.344		159.746			4
2026.04.13	01:01:59.642	159.689	159.750			6
2026.04.13	01:01:59.950	159.695	159.748			6
2026.04.13	01:02:00.250	159.695				2
2026.04.13	01:02:00.548	159.693	159.750			6
2026.04.13	01:02:01.146	159.692				2
2026.04.13	01:02:01.449	159.681	159.744			6
2026.04.13	01:02:01.746	159.683	159.742			6
2026.04.13	01:02:03.550	159.687	159.741			6
2026.04.13	01:02:04.749	159.686	159.742			6
2026.04.13	01:02:05.045	159.685	159.743			6
2026.04.13	01:02:05.350		159.745			4
2026.04.13	01:02:06.854	159.677	159.738			6
2026.04.13	01:02:07.153	159.674	159.735			6
2026.04.13	01:02:07.449	159.672				2
2026.04.13	01:02:08.355	159.676	159.736			6
2026.04.13	01:02:09.254		159.735			4
2026.04.13	01:02:09.853	159.677				2
2026.04.13	01:02:10.153		159.737			4
2026.04.13	01:02:10.752	159.679				2
2026.04.13	01:02:17.065	159.678	159.730			6
2026.04.13	01:02:17.362	159.679				2
2026.04.13	01:02:18.567	159.678				2
2026.04.13	01:02:18.866		159.732			4
2026.04.13	01:02:21.267	159.680				2
2026.04.13	01:02:22.765	159.679	159.731			6
2026.04.13	01:02:25.167	159.676				2
2026.04.13	01:02:26.070		159.732			4
2026.04.13	01:02:27.272		159.731			4
2026.04.13	01:02:27.869	159.677	159.732			6
2026.04.13	01:02:29.675		159.734			4
2026.04.13	01:02:29.975		159.742			4
2026.04.13	01:02:33.280	159.687	159.746			6
2026.04.13	01:02:34.480		159.749			4
2026.04.13	01:02:37.184	159.685	159.748			6
2026.04.13	01:02:37.485	159.686				2
2026.04.13	01:02:38.082	159.685				2
2026.04.13	01:02:39.283	159.686	159.749			6
2026.04.13	01:02:39.581	159.690	159.750			6
2026.04.13	01:02:39.884	159.697				2
2026.04.13	01:02:40.192	159.705				2
2026.04.13	01:02:40.483	159.696				2
2026.04.13	01:02:40.787	159.697				2
2026.04.13	01:02:41.384	159.695				2
2026.04.13	01:02:41.685	159.681	159.730			6
2026.04.13	01:02:42.286	159.676				2
2026.04.13	01:02:42.586	159.668				2
2026.04.13	01:02:42.888	159.669				2
2026.04.13	01:02:43.489	159.689				2
2026.04.13	01:02:46.190	159.695				2
2026.04.13	01:02:47.391	159.676				2
2026.04.13	01:02:47.691	159.686				2
2026.04.13	01:02:47.993	159.688				2
2026.04.13	01:02:48.594	159.679				2
2026.04.13	01:02:49.497	159.682				2
2026.04.13	01:02:49.794	159.681	159.745			6
2026.04.13	01:02:50.999	159.686				2
2026.04.13	01:02:51.294	159.698				2
2026.04.13	01:02:52.196	159.696				2
2026.04.13	01:02:54.904	159.697				2
2026.04.13	01:02:55.504	159.700				2
2026.04.13	01:02:55.800	159.697				2
2026.04.13	01:02:56.106	159.695				2
2026.04.13	01:02:56.409	159.697				2
2026.04.13	01:02:57.307	159.695	159.743			6
2026.04.13	01:02:57.609		159.742			4
2026.04.13	01:02:58.210	159.703	159.745			6
2026.04.13	01:02:58.507	159.700				2
2026.04.13	01:02:58.807	159.695				2
2026.04.13	01:02:59.707	159.697				2
2026.04.13	01:03:00.009	159.695				2
2026.04.13	01:03:00.310	159.696				2
2026.04.13	01:03:01.213	159.692				2
2026.04.13	01:03:01.510	159.693				2
2026.04.13	01:03:01.811	159.694				2
2026.04.13	01:03:02.110	159.693				2
2026.04.13	01:03:02.410	159.696	159.740			6
2026.04.13	01:03:03.011	159.695				2
2026.04.13	01:03:04.813	159.696				2
2026.04.13	01:03:05.718	159.704				2
2026.04.13	01:03:06.919	159.706				2
2026.04.13	01:03:07.820		159.746			4
2026.04.13	01:03:08.116	159.704	159.737			6
2026.04.13	01:03:08.714	159.699				2
2026.04.13	01:03:09.318	159.704				2
2026.04.13	01:03:11.717		159.738			4
2026.04.13	01:03:12.320	159.703				2
2026.04.13	01:03:13.520	159.704				2
2026.04.13	01:03:14.420	159.705				2
2026.04.13	01:03:15.019	159.703				2
2026.04.13	01:03:15.921	159.704				2
2026.04.13	01:03:17.422	159.705	159.745			6
2026.04.13	01:03:17.721		159.739			4
2026.04.13	01:03:25.227	159.702				2
2026.04.13	01:03:25.828	159.705				2
2026.04.13	01:03:28.230	159.702				2
2026.04.13	01:03:28.834	159.703				2
2026.04.13	01:03:29.131	159.702	159.741			6
2026.04.13	01:03:30.635		159.740			4
2026.04.13	01:03:31.533		159.741			4
2026.04.13	01:03:34.537	159.707	159.747			6
2026.04.13	01:03:36.943	159.696	159.745			6
2026.04.13	01:03:37.841	159.698				2
2026.04.13	01:03:38.144	159.694	159.744			6
2026.04.13	01:03:38.746		159.745			4
2026.04.13	01:03:43.845	159.693				2
2026.04.13	01:03:44.447		159.744			4
2026.04.13	01:03:48.954		159.743			4
2026.04.13	01:03:51.353		159.747			4
2026.04.13	01:03:51.652	159.696	159.746			6
2026.04.13	01:03:52.854	159.693				2
2026.04.13	01:03:53.158	159.695				2
2026.04.13	01:03:54.361	159.703	159.750			6
2026.04.13	01:03:55.565	159.714	159.756			6
2026.04.13	01:03:56.163	159.705	159.752			6
2026.04.13	01:03:57.370	159.702	159.749			6
2026.04.13	01:03:57.663	159.703	159.750			6
2026.04.13	01:03:59.765	159.691	159.748			6
2026.04.13	01:04:00.065	159.691	159.751			6
2026.04.13	01:04:01.272	159.690				2
2026.04.13	01:04:01.869	159.704				2
2026.04.13	01:04:02.171		159.750			4
2026.04.13	01:04:02.470		159.748			4
2026.04.13	01:04:02.770	159.706				2
2026.04.13	01:04:03.370		159.753			4
2026.04.13	01:04:03.671		159.752			4
2026.04.13	01:04:04.875		159.751			4
2026.04.13	01:04:05.777		159.750			4
2026.04.13	01:04:06.679		159.751			4
2026.04.13	01:04:07.880	159.705	159.752			6
2026.04.13	01:04:08.478	159.711	159.753			6
2026.04.13	01:04:10.584	159.712				2
2026.04.13	01:04:15.091	159.711	159.754			6
2026.04.13	01:04:15.396	159.715	159.755			6
2026.04.13	01:04:15.993		159.757			4
2026.04.13	01:04:16.295	159.714				2
2026.04.13	01:04:16.596	159.715	159.759			6
2026.04.13	01:04:17.196	159.718				2
2026.04.13	01:04:18.397		159.760			4
2026.04.13	01:04:18.694		159.759			4
2026.04.13	01:04:18.999	159.717				2
2026.04.13	01:04:21.700		159.760			4
2026.04.13	01:04:23.207	159.716	159.757			6
2026.04.13	01:04:24.101	159.717	159.761			6
2026.04.13	01:04:24.402		159.765			4
2026.04.13	01:04:24.703	159.720	159.759			6
2026.04.13	01:04:25.004	159.750				2
2026.04.13	01:04:25.303	159.721	159.770			6
2026.04.13	01:04:25.603	159.715	159.764			6
2026.04.13	01:04:25.902	159.716				2
2026.04.13	01:04:26.507	159.715				2
2026.04.13	01:04:26.808	159.717	159.765			6
2026.04.13	01:04:28.003	159.718				2
2026.04.13	01:04:30.706	159.719	159.766			6
2026.04.13	01:04:31.310	159.718				2
2026.04.13	01:04:33.709	159.717				2
2026.04.13	01:04:34.008	159.718				2
2026.04.13	01:04:34.916	159.720				2
2026.04.13	01:04:35.218		159.765			4
2026.04.13	01:04:36.418	159.717				2
2026.04.13	01:04:36.715		159.766			4
2026.04.13	01:04:37.916		159.765			4
2026.04.13	01:04:39.724	159.716				2
2026.04.13	01:04:40.024	159.719				2
2026.04.13	01:04:40.625		159.764			4
2026.04.13	01:04:42.126	159.718				2
2026.04.13	01:04:42.726	159.720				2
2026.04.13	01:04:44.827	159.718				2
2026.04.13	01:04:45.132	159.716	159.760			6
2026.04.13	01:04:45.731	159.742	159.789			6
2026.04.13	01:04:46.028	159.749	159.793			6
2026.04.13	01:04:46.329		159.763			4
2026.04.13	01:04:46.934	159.752				2
2026.04.13	01:04:47.831		159.762			4
2026.04.13	01:04:48.134		159.754			4
2026.04.13	01:04:48.432		159.753			4
2026.04.13	01:04:49.032	159.751	159.752			6
2026.04.13	01:04:49.937	159.752	159.762			6
2026.04.13	01:04:50.835	159.751				2
2026.04.13	01:04:51.135	159.753				2
2026.04.13	01:04:52.338	159.752	159.764			6
2026.04.13	01:04:53.239	159.751				2
2026.04.13	01:04:53.541	159.752				2
2026.04.13	01:04:53.839	159.722	159.763			6
2026.04.13	01:04:54.140	159.723				2
2026.04.13	01:04:55.641	159.722	159.762			6
2026.04.13	01:04:56.846	159.723				2
2026.04.13	01:04:57.143	159.722				2
2026.04.13	01:04:58.043	159.723	159.765			6
2026.04.13	01:04:59.848	159.722				2
2026.04.13	01:05:00.148	159.722				2
2026.04.13	01:05:00.752	159.721				2
2026.04.13	01:05:01.052	159.724				2
2026.04.13	01:05:01.351	159.732	159.768			6
2026.04.13	01:05:01.655	159.734	159.771			6
2026.04.13	01:05:02.250	159.728	159.777			6
2026.04.13	01:05:02.556	159.719	159.782			6
2026.04.13	01:05:02.853	159.731	159.771			6
2026.04.13	01:05:03.156	159.733	159.778			6
2026.04.13	01:05:03.455	159.734				2
2026.04.13	01:05:04.052	159.736				2
2026.04.13	01:05:05.855	159.735				2
2026.04.13	01:05:07.060	159.731				2
2026.04.13	01:05:07.356	159.735				2
2026.04.13	01:05:08.260	159.733				2
2026.04.13	01:05:09.156	159.736	159.782			6
2026.04.13	01:05:10.662	159.741				2
2026.04.13	01:05:15.166		159.785			4
2026.04.13	01:05:15.767		159.784			4
2026.04.13	01:05:17.267		159.783			4
2026.04.13	01:05:17.568		159.784			4
2026.04.13	01:05:19.969		159.782			4
2026.04.13	01:05:20.568		159.784			4
2026.04.13	01:05:21.466	159.768	159.779			6
2026.04.13	01:05:21.766	159.759	159.800			6
2026.04.13	01:05:22.071	159.774	159.782			6
2026.04.13	01:05:22.369		159.777			4
2026.04.13	01:05:22.969		159.776			4
2026.04.13	01:05:23.569	159.765	159.777			6
2026.04.13	01:05:30.480	159.775				2
2026.04.13	01:05:31.379	159.777	159.778			6
2026.04.13	01:05:31.682	159.765	159.770			6
2026.04.13	01:05:31.978	159.776	159.780			6
2026.04.13	01:05:32.281	159.777				2
2026.04.13	01:05:32.881		159.778			4
2026.04.13	01:05:36.183	159.778	159.779			6
2026.04.13	01:05:36.483	159.777	159.778			6
2026.04.13	01:05:36.782	159.779	159.787			6
2026.04.13	01:05:37.387	159.777	159.778			6
2026.04.13	01:05:40.087	159.778	159.779			6
2026.04.13	01:05:40.384	159.777	159.778			6
2026.04.13	01:05:42.486	159.776	159.777			6
2026.04.13	01:05:42.785	159.777	159.778			6
2026.04.13	01:05:43.987	159.778	159.779			6
2026.04.13	01:05:45.491	159.779	159.780			6
2026.04.13	01:05:46.389	159.777	159.778			6
2026.04.13	01:05:47.293	159.778	159.779			6
2026.04.13	01:05:50.593	159.781	159.782			6
2026.04.13	01:05:51.798	159.767	159.781			6
2026.04.13	01:05:52.096	159.780				2
2026.04.13	01:05:53.595	159.779				2
2026.04.13	01:05:54.198	159.780				2
2026.04.13	01:05:55.697	159.779				2
2026.04.13	01:05:57.204	159.769	159.777			6
2026.04.13	01:05:57.503	159.772	159.780			6
2026.04.13	01:05:58.697	159.773	159.781			6
2026.04.13	01:06:00.197	159.773				2
2026.04.13	01:06:03.201	159.774	159.782			6
2026.04.13	01:06:04.400	159.773	159.781			6
2026.04.13	01:06:10.105	159.774				2
2026.04.13	01:06:10.407	159.775	159.782			6
2026.04.13	01:06:10.711	159.780	159.783			6
2026.04.13	01:06:11.006	159.781				2
2026.04.13	01:06:11.621	159.780				2
2026.04.13	01:06:12.211		159.784			4
2026.04.13	01:06:13.416	159.778				2
2026.04.13	01:06:13.713	159.779				2
2026.04.13	01:06:14.314		159.782			4
2026.04.13	01:06:14.615		159.781			4
2026.04.13	01:06:19.416		159.782			4
2026.04.13	01:06:21.821	159.775				2
2026.04.13	01:06:24.520	159.777				2
2026.04.13	01:06:24.820	159.774	159.781			6
2026.04.13	01:06:28.725	159.775	159.782			6
2026.04.13	01:06:29.022	159.774	159.781			6
2026.04.13	01:06:31.426	159.776	159.783			6
2026.04.13	01:06:31.729	159.774	159.781			6
2026.04.13	01:06:33.529	159.775	159.782			6
2026.04.13	01:06:35.931	159.774	159.781			6
2026.04.13	01:06:36.231	159.775	159.782			6
2026.04.13	01:06:37.735	159.774	159.781			6
2026.04.13	01:06:38.035	159.775	159.782			6
2026.04.13	01:06:39.832	159.774	159.781			6
2026.04.13	01:06:43.137		159.780			4
2026.04.13	01:06:44.038	159.775	159.781			6
2026.04.13	01:06:45.240	159.758	159.764			6
2026.04.13	01:06:46.141	159.757				2
2026.04.13	01:06:47.645	159.754	159.761			6
2026.04.13	01:06:49.446	159.755	159.762			6
2026.04.13	01:06:50.645	159.751	159.758			6
2026.04.13	01:06:50.950	159.752	159.759			6
2026.04.13	01:06:51.250	159.753	159.760			6
2026.04.13	01:06:52.146	159.751	159.758			6
2026.04.13	01:06:54.551	159.750	159.757			6
2026.04.13	01:06:55.754	159.751	159.758			6
2026.04.13	01:07:00.256	159.751				2
2026.04.13	01:07:00.557	159.752	159.759			6
2026.04.13	01:07:01.155	159.753	159.760			6
2026.04.13	01:07:02.960	159.755	159.762			6
2026.04.13	01:07:06.562	159.754	159.761			6
2026.04.13	01:07:06.865	159.761	159.768			6
2026.04.13	01:07:07.162	159.758	159.765			6
2026.04.13	01:07:08.067	159.762	159.769			6
2026.04.13	01:07:08.364	159.758	159.765			6
2026.04.13	01:07:09.565	159.745	159.782			6
2026.04.13	01:07:09.865	159.758	159.765			6
2026.04.13	01:07:10.466	159.759	159.766			6
2026.04.13	01:07:10.771	159.758	159.765			6
2026.04.13	01:07:13.175	159.744	159.781			6
2026.04.13	01:07:15.278	159.758	159.765			6
2026.04.13	01:07:16.477	159.745	159.782			6
2026.04.13	01:07:19.483	159.744				2
2026.04.13	01:07:19.784	159.745	159.785			6
2026.04.13	01:07:20.085		159.782			4
2026.04.13	01:07:21.588	159.759	159.765			6
2026.04.13	01:07:21.884	159.755	159.761			6
2026.04.13	01:07:22.186	159.753	159.759			6
2026.04.13	01:07:26.094	159.758	159.764			6
2026.04.13	01:07:27.594	159.744	159.781			6
2026.04.13	01:07:28.795	159.759	159.765			6
2026.04.13	01:07:29.700	159.758	159.764			6
2026.04.13	01:07:29.999	159.757	159.763			6
2026.04.13	01:07:30.601	159.742	159.780			6
2026.04.13	01:07:31.203	159.755	159.761			6
2026.04.13	01:07:45.014	159.744	159.781			6
2026.04.13	01:07:46.519	159.755	159.761			6
2026.04.13	01:07:46.814	159.745	159.785			6
2026.04.13	01:07:48.921	159.744				2
2026.04.13	01:07:50.720	159.743				2
2026.04.13	01:07:51.919	159.742	159.780			6
2026.04.13	01:07:52.224	159.760	159.766			6
2026.04.13	01:07:54.024	159.745	159.784			6
2026.04.13	01:07:54.323	159.760	159.766			6
2026.04.13	01:07:56.126	159.742	159.780			6
2026.04.13	01:07:59.724		159.781			4
2026.04.13	01:08:00.030	159.742				2
2026.04.13	01:08:00.330	159.746	159.790			6
2026.04.13	01:08:00.627	159.747	159.786			6
2026.04.13	01:08:00.930	159.765	159.770			6
2026.04.13	01:08:01.230	159.750	159.783			6
2026.04.13	01:08:02.431	159.752	159.786			6
2026.04.13	01:08:02.729	159.751	159.783			6
2026.04.13	01:08:03.327	159.750				2
2026.04.13	01:08:03.630		159.784			4
2026.04.13	01:08:04.833	159.751	159.786			6
2026.04.13	01:08:05.733		159.784			4
2026.04.13	01:08:08.736		159.787			4
2026.04.13	01:08:09.334	159.750	159.782			6
2026.04.13	01:08:09.933	159.751				2
2026.04.13	01:08:10.233	159.750				2
2026.04.13	01:08:14.447	159.749	159.783			6
2026.04.13	01:08:15.346	159.750				2
2026.04.13	01:08:24.957	159.751				2
2026.04.13	01:08:36.979		159.784			4
2026.04.13	01:08:37.879		159.783			4
2026.04.13	01:08:39.678		159.784			4
2026.04.13	01:08:41.180		159.785			4
2026.04.13	01:08:41.479		159.784			4
2026.04.13	01:08:47.189		159.787			4
2026.04.13	01:08:49.897	159.750	159.784			6
2026.04.13	01:08:52.597		159.783			4
2026.04.13	01:08:54.702		159.784			4
2026.04.13	01:08:59.516	159.747	159.786			6
2026.04.13	01:08:59.818		159.785			4
2026.04.13	01:09:00.114	159.747				2
2026.04.13	01:09:00.418		159.786			4
2026.04.13	01:09:02.818		159.785			4
2026.04.13	01:09:03.121		159.786			4
2026.04.13	01:09:03.418	159.751				2
2026.04.13	01:09:06.122	159.752				2
2026.04.13	01:09:06.724	159.757	159.785			6
2026.04.13	01:09:07.323		159.784			4
2026.04.13	01:09:07.622		159.783			4
2026.04.13	01:09:08.226		159.784			4
2026.04.13	01:09:08.827		159.783			4
2026.04.13	01:09:10.927		159.784			4
2026.04.13	01:09:12.132		159.785			4
2026.04.13	01:09:16.332	159.750	159.787			6
2026.04.13	01:09:16.632		159.786			4
2026.04.13	01:09:16.933		159.787			4
2026.04.13	01:09:17.533	159.754				2
2026.04.13	01:09:19.937		159.786			4
2026.04.13	01:09:21.442	159.750				2
2026.04.13	01:09:21.741		159.787			4
2026.04.13	01:09:23.239		159.788			4
2026.04.13	01:09:23.540	159.753	159.787			6
2026.04.13	01:09:23.840		159.788			4
2026.04.13	01:09:24.142	159.759	159.785			6
2026.04.13	01:09:24.444	159.755	159.786			6
2026.04.13	01:09:24.742		159.785			4
2026.04.13	01:09:25.042	159.763	159.766			6
2026.04.13	01:09:25.945	159.755	159.785			6
2026.04.13	01:09:26.848	159.752	159.786			6
2026.04.13	01:09:27.148		159.784			4
2026.04.13	01:09:28.046	159.761				2
2026.04.13	01:09:34.960		159.783			4
2026.04.13	01:09:36.461	159.753	159.775			6
2026.04.13	01:09:37.060	159.755				2
2026.04.13	01:09:37.364		159.778			4
2026.04.13	01:09:37.661		159.777			4
2026.04.13	01:09:39.465		159.787			4
2026.04.13	01:09:39.766	159.754				2
2026.04.13	01:09:40.366	159.756	159.785			6
2026.04.13	01:09:40.670	159.751	159.786			6
2026.04.13	01:09:40.965		159.788			4
2026.04.13	01:09:41.266		159.787			4
2026.04.13	01:09:42.471		159.786			4
2026.04.13	01:09:43.368		159.787			4
2026.04.13	01:09:43.670		159.788			4
2026.04.13	01:09:44.570		159.789			4
2026.04.13	01:09:46.076	159.746	159.788			6
2026.04.13	01:09:46.375	159.747	159.789			6
2026.04.13	01:09:46.976	159.750	159.788			6
2026.04.13	01:09:49.980	159.746	159.789			6
2026.04.13	01:09:50.578		159.788			4
2026.04.13	01:09:52.080	159.747				2
2026.04.13	01:09:52.381	159.751				2
2026.04.13	01:09:53.283		159.787			4
2026.04.13	01:09:53.884	159.746	159.779			6
2026.04.13	01:09:54.187		159.778			4
2026.04.13	01:09:55.389	159.747	159.785			6
2026.04.13	01:09:55.685	159.746	159.778			6
2026.04.13	01:09:55.987	159.747	159.785			6
2026.04.13	01:09:56.288		159.784			4
2026.04.13	01:09:56.587		159.785			4
2026.04.13	01:09:56.885		159.789			4
2026.04.13	01:09:58.387	159.746	159.790			6
2026.04.13	01:09:58.688		159.788			4
2026.04.13	01:09:58.992		159.778			4
2026.04.13	01:09:59.289	159.745	159.776			6
2026.04.13	01:10:00.190	159.745	159.777			6
2026.04.13	01:10:00.491	159.750	159.776			6
2026.04.13	01:10:01.096	159.752	159.778			6
2026.04.13	01:10:02.895	159.751	159.777			6
2026.04.13	01:10:03.196	159.754	159.776			6
2026.04.13	01:10:03.494	159.756	159.789			6
2026.04.13	01:10:03.795	159.755	159.777			6
2026.04.13	01:10:04.700		159.776			4
2026.04.13	01:10:05.002	159.745	159.774			6
2026.04.13	01:10:05.301	159.749	159.777			6
2026.04.13	01:10:06.201		159.776			4
2026.04.13	01:10:08.305	159.746				2
2026.04.13	01:10:08.607		159.775			4
2026.04.13	01:10:09.212		159.774			4
2026.04.13	01:10:09.509	159.747				2
2026.04.13	01:10:11.911		159.775			4
2026.04.13	01:10:12.519	159.749	159.776			6
2026.04.13	01:10:13.419		159.777			4
2026.04.13	01:10:15.822		159.776			4
2026.04.13	01:10:20.323		159.775			4
2026.04.13	01:10:21.222		159.776			4
2026.04.13	01:10:23.028	159.748				2
2026.04.13	01:10:23.326		159.775			4
2026.04.13	01:10:23.627	159.747				2
2026.04.13	01:10:23.930		159.776			4
2026.04.13	01:10:24.234		159.775			4
2026.04.13	01:10:27.536	159.748	159.774			6
2026.04.13	01:10:28.137	159.747	159.775			6
2026.04.13	01:10:29.039		159.774			4
2026.04.13	01:10:29.938		159.775			4
2026.04.13	01:10:30.245		159.774			4
2026.04.13	01:10:30.542	159.746				2
2026.04.13	01:10:32.641	159.733				2
2026.04.13	01:10:32.940	159.710	159.785			6
2026.04.13	01:10:35.342	159.748				2
2026.04.13	01:10:35.642		159.775			4
2026.04.13	01:10:35.943		159.776			4
2026.04.13	01:10:36.243	159.749	159.777			6
2026.04.13	01:10:36.845	159.751	159.776			6
2026.04.13	01:10:37.448	159.752	159.777			6
2026.04.13	01:10:38.946	159.757	159.778			6
2026.04.13	01:10:39.248		159.777			4
2026.04.13	01:10:39.548		159.785			4
2026.04.13	01:10:43.148	159.748	159.777			6
2026.04.13	01:10:43.752	159.750	159.776			6
2026.04.13	01:10:45.258	159.752				2
2026.04.13	01:10:46.755	159.753				2
2026.04.13	01:10:47.052	159.756				2
2026.04.13	01:10:47.357		159.775			4
2026.04.13	01:10:47.957		159.774			4
2026.04.13	01:10:48.260	159.750	159.784			6
2026.04.13	01:10:49.461		159.783			4
2026.04.13	01:10:52.760		159.786			4
2026.04.13	01:10:53.663		159.785			4
2026.04.13	01:10:54.264	159.744	159.776			6
2026.04.13	01:10:58.464		159.775			4
2026.04.13	01:11:00.273	159.744				2
2026.04.13	01:11:01.472	159.746	159.774			6
2026.04.13	01:11:01.773	159.743	159.773			6
2026.04.13	01:11:02.372	159.741				2
2026.04.13	01:11:03.870		159.772			4
2026.04.13	01:11:04.174		159.773			4
2026.04.13	01:11:04.472	159.743	159.775			6
2026.04.13	01:11:04.772	159.742				2
2026.04.13	01:11:05.376		159.774			4
2026.04.13	01:11:07.478	159.739	159.773			6
2026.04.13	01:11:07.781		159.776			4
2026.04.13	01:11:10.488	159.742				2
2026.04.13	01:11:11.685		159.773			4
2026.04.13	01:11:13.794	159.744				2
2026.04.13	01:11:14.989	159.748	159.774			6
2026.04.13	01:11:15.294		159.775			4
2026.04.13	01:11:16.190	159.747				2
2026.04.13	01:11:16.490		159.774			4
2026.04.13	01:11:19.494	159.742	159.778			6
2026.04.13	01:11:19.796		159.777			4
2026.04.13	01:11:20.398	159.747	159.775			6
2026.04.13	01:11:24.302	159.751				2
2026.04.13	01:11:26.710	159.747				2
2026.04.13	01:11:30.015		159.774			4
2026.04.13	01:11:30.617		159.775			4
2026.04.13	01:11:30.920	159.748				2
2026.04.13	01:11:31.213	159.750	159.776			6
2026.04.13	01:11:31.517		159.777			4
2026.04.13	01:11:32.721		159.776			4
2026.04.13	01:11:33.323		159.777			4
2026.04.13	01:11:34.520		159.776			4
2026.04.13	01:11:37.220	159.749				2
2026.04.13	01:11:37.521		159.774			4
2026.04.13	01:11:41.122	159.750	159.775			6
2026.04.13	01:11:42.028		159.776			4
2026.04.13	01:11:42.629	159.752				2
2026.04.13	01:11:42.927		159.775			4
2026.04.13	01:11:44.128	159.754	159.774			6
2026.04.13	01:11:44.429		159.775			4
2026.04.13	01:11:45.029	159.748				2
2026.04.13	01:11:45.332	159.746				2
2026.04.13	01:11:48.036	159.745	159.771			6
2026.04.13	01:11:48.341	159.749	159.750			6
2026.04.13	01:11:48.636	159.743	159.769			6
2026.04.13	01:11:49.237		159.771			4
2026.04.13	01:11:50.440		159.770			4
2026.04.13	01:11:52.844		159.771			4
2026.04.13	01:11:53.142	159.749	159.750			6
2026.04.13	01:11:53.440	159.743	159.770			6
2026.04.13	01:11:54.042		159.772			4
2026.04.13	01:11:54.645	159.745	159.773			6
2026.04.13	01:11:54.946		159.776			4
2026.04.13	01:11:55.844		159.777			4
2026.04.13	01:11:56.442		159.776			4
2026.04.13	01:11:57.047		159.777			4
2026.04.13	01:11:57.347	159.744	159.773			6
2026.04.13	01:11:57.947		159.772			4
2026.04.13	01:11:58.249		159.773			4
2026.04.13	01:11:58.848	159.743				2
2026.04.13	01:11:59.448	159.752	159.771			6
2026.04.13	01:12:00.050	159.752				2
2026.04.13	01:12:00.351		159.773			4
2026.04.13	01:12:00.647		159.774			4
2026.04.13	01:12:01.549	159.770	159.771			6
2026.04.13	01:12:01.849	159.773	159.774			6
2026.04.13	01:12:04.252	159.776	159.777			6
2026.04.13	01:12:05.151	159.774	159.775			6
2026.04.13	01:12:05.456	159.776	159.777			6
2026.04.13	01:12:06.652	159.775	159.776			6
2026.04.13	01:12:06.951	159.774	159.775			6
2026.04.13	01:12:07.555	159.775	159.776			6
2026.04.13	01:12:14.165	159.774	159.775			6
2026.04.13	01:12:14.465	159.775	159.776			6
2026.04.13	01:12:19.868	159.773	159.774			6
2026.04.13	01:12:20.168	159.774	159.775			6
2026.04.13	01:12:22.882	159.772	159.773			6
2026.04.13	01:12:23.179	159.771	159.772			6
2026.04.13	01:12:27.083	159.770	159.771			6
2026.04.13	01:12:27.383	159.774	159.775			6
2026.04.13	01:12:30.085	159.773	159.774			6
2026.04.13	01:12:30.387	159.772	159.773			6
2026.04.13	01:12:34.293	159.769	159.770			6
2026.04.13	01:12:34.897	159.770	159.771			6
2026.04.13	01:12:38.798	159.771	159.772			6
2026.04.13	01:12:39.396	159.770	159.771			6
2026.04.13	01:12:39.998	159.771	159.772			6
2026.04.13	01:12:40.597	159.770	159.771			6
2026.04.13	01:12:44.200	159.771	159.772			6
2026.04.13	01:12:44.501	159.772	159.773			6
2026.04.13	01:12:48.107	159.771	159.772			6
2026.04.13	01:12:49.011	159.770	159.771			6
2026.04.13	01:12:57.422	159.772	159.773			6
2026.04.13	01:13:00.129	159.772				2
2026.04.13	01:13:00.423	159.773	159.774			6
2026.04.13	01:13:00.727	159.775	159.776			6
2026.04.13	01:13:01.627	159.776	159.777			6
2026.04.13	01:13:03.428	159.777	159.778			6
2026.04.13	01:13:10.330	159.775	159.776			6
2026.04.13	01:13:10.931	159.776	159.777			6
2026.04.13	01:13:14.237	159.775	159.776			6
2026.04.13	01:13:15.439	159.773	159.774			6
2026.04.13	01:13:16.037	159.775	159.776			6
2026.04.13	01:13:17.836	159.772	159.773			6
2026.04.13	01:13:18.436	159.773	159.774			6
2026.04.13	01:13:18.737	159.774	159.775			6
2026.04.13	01:13:19.037	159.777	159.778			6
2026.04.13	01:13:19.338	159.778	159.779			6
2026.04.13	01:13:20.845	159.779	159.780			6
2026.04.13	01:13:21.148	159.788	159.789			6
2026.04.13	01:13:21.446	159.787	159.788			6
2026.04.13	01:13:28.650	159.790	159.791			6
2026.04.13	01:13:28.948	159.788	159.789			6
2026.04.13	01:13:29.253	159.791	159.792			6
2026.04.13	01:13:29.556	159.793	159.794			6
2026.04.13	01:13:30.150	159.796	159.797			6
2026.04.13	01:13:30.449	159.794	159.795			6
2026.04.13	01:13:30.752	159.793	159.794			6
2026.04.13	01:13:31.050	159.792	159.793			6
2026.04.13	01:13:31.353	159.793	159.794			6
2026.04.13	01:13:31.952	159.792	159.793			6
2026.04.13	01:13:36.458	159.793	159.794			6
2026.04.13	01:13:37.657	159.792	159.793			6
2026.04.13	01:13:38.562	159.793	159.794			6
2026.04.13	01:13:38.856	159.792	159.793			6
2026.04.13	01:13:39.762	159.794	159.795			6
2026.04.13	01:13:40.358	159.793	159.794			6
2026.04.13	01:13:41.258	159.792	159.793			6
2026.04.13	01:13:41.858	159.794	159.795			6
2026.04.13	01:13:42.762	159.795	159.796			6
2026.04.13	01:13:43.063	159.794	159.795			6
2026.04.13	01:13:44.564	159.792	159.793			6
2026.04.13	01:13:44.861	159.795	159.796			6
2026.04.13	01:13:46.366	159.793	159.794			6
2026.04.13	01:13:46.965	159.792	159.793			6
2026.04.13	01:13:47.267	159.788	159.789			6
2026.04.13	01:13:47.565	159.790	159.791			6
2026.04.13	01:13:47.865	159.792	159.793			6
2026.04.13	01:13:48.168	159.791	159.792			6
2026.04.13	01:13:55.076	159.790	159.791			6
2026.04.13	01:13:55.375	159.791	159.792			6
2026.04.13	01:14:00.187	159.791				2
2026.04.13	01:14:04.687	159.790	159.791			6
2026.04.13	01:14:04.985	159.789	159.790			6
2026.04.13	01:14:07.685	159.788	159.789			6
2026.04.13	01:14:11.290	159.789	159.790			6
2026.04.13	01:14:18.199	159.788	159.789			6
2026.04.13	01:14:20.599	159.786	159.787			6
2026.04.13	01:14:20.899	159.785	159.786			6
2026.04.13	01:14:22.403	159.786	159.787			6
2026.04.13	01:14:23.006	159.785	159.786			6
2026.04.13	01:14:23.306	159.786	159.787			6
2026.04.13	01:14:23.605	159.787	159.788			6
2026.04.13	01:14:23.905	159.788	159.789			6
2026.04.13	01:14:29.916	159.789	159.790			6
2026.04.13	01:14:30.220	159.788	159.789			6
2026.04.13	01:14:33.220	159.767	159.768			6
2026.04.13	01:14:33.521	159.765	159.766			6
2026.04.13	01:14:33.820	159.760	159.761			6
2026.04.13	01:14:44.633	159.759	159.760			6
2026.04.13	01:14:44.934	159.760	159.761			6
2026.04.13	01:14:54.843	159.759	159.760			6
2026.04.13	01:14:55.145	159.761	159.762			6
2026.04.13	01:14:57.245	159.760	159.761			6
2026.04.13	01:15:00.250	159.760				2
2026.04.13	01:15:05.356	159.761	159.762			6
2026.04.13	01:15:15.272	159.760	159.761			6
2026.04.13	01:15:15.573	159.777	159.778			6
2026.04.13	01:15:15.871	159.787	159.788			6
2026.04.13	01:15:16.172	159.790	159.792			6
2026.04.13	01:15:20.076	159.791	159.793			6
2026.04.13	01:15:21.875	159.793	159.795			6
2026.04.13	01:15:22.175	159.794	159.796			6
2026.04.13	01:15:23.076	159.795	159.797			6
2026.04.13	01:15:26.385	159.794	159.796			6
2026.04.13	01:15:30.894	159.795	159.797			6
2026.04.13	01:15:31.189	159.794	159.796			6
2026.04.13	01:15:31.493	159.795	159.797			6
2026.04.13	01:15:36.302	159.794	159.796			6
2026.04.13	01:15:39.309		159.795			4
2026.04.13	01:15:45.014	159.792	159.793			6
2026.04.13	01:15:46.816	159.791	159.792			6
2026.04.13	01:15:47.117	159.783	159.784			6
2026.04.13	01:15:47.714	159.789	159.790			6
2026.04.13	01:15:48.317	159.792	159.793			6
2026.04.13	01:15:50.118	159.788	159.789			6
2026.04.13	01:15:56.121	159.789	159.790			6
2026.04.13	01:15:58.524	159.790	159.791			6
2026.04.13	01:15:58.822	159.788	159.789			6
2026.04.13	01:15:59.122	159.791	159.792			6
2026.04.13	01:15:59.422	159.793	159.794			6
2026.04.13	01:16:00.024	159.794	159.795			6
2026.04.13	01:16:00.325	159.795	159.796			6
2026.04.13	01:16:00.624	159.796	159.797			6
2026.04.13	01:16:00.924	159.790	159.791			6
2026.04.13	01:16:02.728	159.787	159.788			6
2026.04.13	01:16:03.028	159.786	159.787			6
2026.04.13	01:16:03.327	159.787	159.788			6
2026.04.13	01:16:07.237	159.790	159.791			6
2026.04.13	01:16:13.845	159.791	159.792			6
2026.04.13	01:16:16.844	159.790	159.791			6
2026.04.13	01:16:17.144	159.791	159.792			6
2026.04.13	01:16:18.047	159.792	159.793			6
2026.04.13	01:16:19.548	159.791	159.792			6
2026.04.13	01:16:21.350	159.789	159.790			6
2026.04.13	01:16:21.953	159.790	159.791			6
2026.04.13	01:16:23.153	159.788	159.789			6
2026.04.13	01:16:23.455	159.784	159.785			6
2026.04.13	01:16:24.058	159.769	159.770			6
2026.04.13	01:16:24.355	159.768	159.769			6
2026.04.13	01:16:25.256		159.770			4
2026.04.13	01:16:30.960	159.761	159.763			6
2026.04.13	01:16:32.161	159.763	159.765			6
2026.04.13	01:16:34.564	159.759	159.761			6
2026.04.13	01:16:36.064	159.761	159.763			6
2026.04.13	01:16:37.867	159.762	159.764			6
2026.04.13	01:16:39.973	159.759	159.761			6
2026.04.13	01:16:40.272	159.762	159.764			6
2026.04.13	01:16:42.377		159.763			4
2026.04.13	01:16:45.979	159.760	159.761			6
2026.04.13	01:16:46.280	159.761	159.762			6
2026.04.13	01:16:50.784	159.760	159.761			6
2026.04.13	01:16:52.897	159.761	159.762			6
2026.04.13	01:16:53.195	159.760	159.761			6
2026.04.13	01:16:58.304	159.761	159.762			6
2026.04.13	01:16:59.507	159.760	159.761			6
2026.04.13	01:17:00.105	159.760				2
2026.04.13	01:17:01.307	159.761	159.762			6
2026.04.13	01:17:20.535	159.758	159.759			6
2026.04.13	01:17:20.835	159.759	159.760			6
2026.04.13	01:17:31.651	159.758	159.759			6
2026.04.13	01:17:37.659	159.757	159.758			6
2026.04.13	01:17:42.158	159.758	159.759			6
2026.04.13	01:17:44.560	159.759	159.760			6
2026.04.13	01:17:45.159	159.758	159.759			6
2026.04.13	01:17:45.766	159.757	159.758			6
2026.04.13	01:17:47.260	159.756	159.757			6
2026.04.13	01:17:47.564	159.758	159.759			6
2026.04.13	01:17:47.864	159.759	159.760			6
2026.04.13	01:17:51.163	159.760	159.761			6
2026.04.13	01:17:52.966	159.759	159.760			6
2026.04.13	01:17:53.269	159.758	159.759			6
2026.04.13	01:17:55.976	159.757	159.758			6
2026.04.13	01:17:56.278	159.758	159.759			6
2026.04.13	01:17:56.578	159.757	159.758			6
2026.04.13	01:17:56.874	159.758	159.759			6
2026.04.13	01:17:58.676	159.759	159.760			6
2026.04.13	01:17:59.275	159.758	159.759			6
2026.04.13	01:18:00.175	159.758				2
2026.04.13	01:18:02.276	159.757	159.758			6
2026.04.13	01:18:02.577	159.759	159.760			6
2026.04.13	01:18:05.581	159.758	159.759			6
2026.04.13	01:18:07.084	159.757	159.758			6
2026.04.13	01:18:07.681	159.758	159.759			6
2026.04.13	01:18:08.582	159.720	159.761			6
2026.04.13	01:18:08.886		159.754			4
2026.04.13	01:18:09.187	159.737	159.738			6
2026.04.13	01:18:09.485	159.739	159.740			6
2026.04.13	01:18:10.090	159.742	159.743			6
2026.04.13	01:18:10.386	159.740	159.741			6
2026.04.13	01:18:16.105	159.741	159.742			6
2026.04.13	01:18:17.004	159.739	159.740			6
2026.04.13	01:18:17.305	159.738	159.739			6
2026.04.13	01:18:20.613	159.734	159.735			6
2026.04.13	01:18:21.217	159.732	159.733			6
2026.04.13	01:18:21.813	159.734	159.735			6
2026.04.13	01:18:22.112	159.732	159.733			6
2026.04.13	01:18:22.716	159.731	159.732			6
2026.04.13	01:18:23.015	159.732	159.733			6
2026.04.13	01:18:23.311	159.735	159.736			6
2026.04.13	01:18:23.612	159.736	159.737			6
2026.04.13	01:18:23.913	159.742	159.762			6
2026.04.13	01:18:24.215	159.750	159.751			6
2026.04.13	01:18:24.513	159.755	159.756			6
2026.04.13	01:18:24.814	159.756	159.757			6
2026.04.13	01:18:25.115	159.755	159.756			6
2026.04.13	01:18:26.916	159.752	159.753			6
2026.04.13	01:18:27.222	159.755	159.756			6
2026.04.13	01:18:27.819	159.754	159.755			6
2026.04.13	01:18:28.423	159.755	159.756			6
2026.04.13	01:18:28.718	159.754	159.755			6
2026.04.13	01:18:29.019	159.755	159.756			6
2026.04.13	01:18:36.223	159.754	159.755			6
2026.04.13	01:18:36.523	159.755	159.756			6
2026.04.13	01:18:38.026	159.754	159.755			6
2026.04.13	01:18:38.627	159.755	159.756			6
2026.04.13	01:18:39.529	159.761	159.762			6
2026.04.13	01:18:39.834	159.762	159.763			6
2026.04.13	01:18:40.132	159.766	159.767			6
2026.04.13	01:18:41.331	159.767	159.768			6
2026.04.13	01:18:43.134	159.768	159.769			6
2026.04.13	01:18:43.436	159.769	159.770			6
2026.04.13	01:18:43.732	159.773	159.774			6
2026.04.13	01:18:44.031	159.774	159.775			6
2026.04.13	01:18:44.635	159.777	159.778			6
2026.04.13	01:18:44.931	159.778	159.779			6
2026.04.13	01:18:47.638	159.779	159.780			6
2026.04.13	01:18:47.939	159.778	159.779			6
2026.04.13	01:18:48.241	159.779	159.780			6
2026.04.13	01:18:48.535	159.778	159.779			6
2026.04.13	01:18:50.339	159.784	159.785			6
2026.04.13	01:18:50.638	159.785	159.786			6
2026.04.13	01:18:50.938	159.784	159.785			6
2026.04.13	01:18:51.839	159.785	159.786			6
2026.04.13	01:18:53.343	159.784	159.785			6
2026.04.13	01:18:53.944	159.785	159.786			6
2026.04.13	01:18:55.449	159.787	159.788			6
2026.04.13	01:18:55.749	159.789	159.790			6
2026.04.13	01:18:56.049	159.790	159.791			6
2026.04.13	01:18:57.547	159.789	159.790			6
2026.04.13	01:18:58.449	159.791	159.792			6
2026.04.13	01:18:58.754	159.790	159.791			6
2026.04.13	01:18:59.047	159.791	159.792			6
2026.04.13	01:18:59.349	159.790	159.791			6
2026.04.13	01:18:59.948	159.750	159.751			6
2026.04.13	01:19:00.255	159.749	159.750			6
2026.04.13	01:19:00.552	159.750	159.751			6
2026.04.13	01:19:01.154	159.748	159.753			6
2026.04.13	01:19:01.453	159.747				2
2026.04.13	01:19:01.755	159.746	159.752			6
2026.04.13	01:19:02.050	159.745	159.751			6
2026.04.13	01:19:02.655	159.746	159.752			6
2026.04.13	01:19:04.157	159.745	159.751			6
2026.04.13	01:19:08.661	159.746				2
2026.04.13	01:19:08.959	159.745				2
2026.04.13	01:19:09.262	159.746				2
2026.04.13	01:19:09.565		159.752			4
2026.04.13	01:19:10.160	159.747	159.753			6
2026.04.13	01:19:14.367		159.752			4
2026.04.13	01:19:14.963	159.748	159.753			6
2026.04.13	01:19:15.268	159.747	159.752			6
2026.04.13	01:19:15.567		159.751			4
2026.04.13	01:19:15.867	159.744	159.749			6
2026.04.13	01:19:17.673	159.745	159.750			6
2026.04.13	01:19:17.969	159.750	159.754			6
2026.04.13	01:19:18.267	159.748	159.753			6
2026.04.13	01:19:20.072	159.751				2
2026.04.13	01:19:20.371	159.749				2
2026.04.13	01:19:20.673	159.748				2
2026.04.13	01:19:23.376	159.749	159.754			6
2026.04.13	01:19:23.678	159.748	159.753			6
2026.04.13	01:19:24.278	159.751	159.756			6
2026.04.13	01:19:24.578	159.750	159.755			6
2026.04.13	01:19:24.880	159.748	159.753			6
2026.04.13	01:19:26.682	159.750	159.755			6
2026.04.13	01:19:26.980	159.749	159.754			6
2026.04.13	01:19:28.480	159.748	159.753			6
2026.04.13	01:19:30.582	159.747	159.752			6
2026.04.13	01:19:31.485	159.750	159.754			6
2026.04.13	01:19:31.789	159.748	159.753			6
2026.04.13	01:19:32.084	159.749	159.754			6
2026.04.13	01:19:32.988	159.748	159.753			6
2026.04.13	01:19:33.286	159.749	159.754			6
2026.04.13	01:19:33.888	159.748	159.753			6
2026.04.13	01:19:36.890	159.749	159.754			6
2026.04.13	01:19:37.189	159.748	159.753			6
2026.04.13	01:19:38.091	159.747	159.752			6
2026.04.13	01:19:38.394	159.748	159.753			6
2026.04.13	01:19:38.695	159.749	159.754			6
2026.04.13	01:19:40.797	159.748	159.753			6
2026.04.13	01:19:41.095	159.747	159.752			6
2026.04.13	01:19:41.394	159.749	159.754			6
2026.04.13	01:19:41.698	159.748	159.753			6
2026.04.13	01:19:41.998	159.754	159.759			6
2026.04.13	01:19:42.297	159.755	159.760			6
2026.04.13	01:19:42.600	159.754	159.759			6
2026.04.13	01:19:42.898	159.761	159.766			6
2026.04.13	01:19:43.195	159.762	159.767			6
2026.04.13	01:19:43.498	159.764	159.769			6
2026.04.13	01:19:43.799	159.763	159.768			6
2026.04.13	01:19:44.096	159.761	159.766			6
2026.04.13	01:19:44.997	159.760	159.765			6
2026.04.13	01:19:45.297	159.762	159.767			6
2026.04.13	01:19:45.603	159.761	159.766			6
2026.04.13	01:19:45.902	159.760	159.765			6
2026.04.13	01:19:46.796	159.761	159.766			6
2026.04.13	01:19:48.301	159.763	159.768			6
2026.04.13	01:19:49.204	159.762	159.767			6
2026.04.13	01:19:49.504	159.763	159.768			6
2026.04.13	01:19:49.805	159.761	159.766			6
2026.04.13	01:19:50.411	159.760	159.765			6
2026.04.13	01:19:51.611	159.759	159.764			6
2026.04.13	01:19:51.911	159.758	159.763			6
2026.04.13	01:19:52.512	159.759	159.764			6
2026.04.13	01:19:52.813	159.758	159.763			6
2026.04.13	01:19:54.313	159.759	159.764			6
2026.04.13	01:19:56.118		159.763			4
2026.04.13	01:19:56.723	159.760	159.764			6
2026.04.13	01:19:57.019	159.761	159.765			6
2026.04.13	01:19:59.424	159.762	159.766			6
2026.04.13	01:20:00.022	159.761	159.765			6
2026.04.13	01:20:00.326	159.759	159.763			6
2026.04.13	01:20:00.621	159.755	159.759			6
2026.04.13	01:20:01.225	159.756	159.760			6
2026.04.13	01:20:01.522	159.754	159.758			6
2026.04.13	01:20:02.421	159.755	159.759			6
2026.04.13	01:20:02.724	159.757	159.761			6
2026.04.13	01:20:03.022	159.759	159.763			6
2026.04.13	01:20:03.325	159.760	159.764			6
2026.04.13	01:20:04.530	159.764	159.768			6
2026.04.13	01:20:04.826	159.765	159.769			6
2026.04.13	01:20:08.125	159.764	159.768			6
2026.04.13	01:20:09.330	159.754	159.758			6
2026.04.13	01:20:10.534	159.757	159.761			6
2026.04.13	01:20:11.132		159.762			4
2026.04.13	01:20:12.330		159.761			4
2026.04.13	01:20:12.630	159.758	159.762			6
2026.04.13	01:20:13.530	159.759	159.763			6
2026.04.13	01:20:13.832	159.760	159.764			6
2026.04.13	01:20:14.135	159.758	159.762			6
2026.04.13	01:20:14.432	159.761	159.765			6
2026.04.13	01:20:14.732	159.760	159.764			6
2026.04.13	01:20:15.331	159.761	159.765			6
2026.04.13	01:20:15.935	159.760	159.764			6
2026.04.13	01:20:21.042	159.769	159.773			6
2026.04.13	01:20:21.342	159.773	159.777			6
2026.04.13	01:20:22.244		159.778			4
2026.04.13	01:20:22.542	159.772	159.777			6
2026.04.13	01:20:22.845	159.765	159.770			6
2026.04.13	01:20:23.144	159.764	159.769			6
2026.04.13	01:20:24.644	159.761	159.766			6
2026.04.13	01:20:26.148	159.760	159.765			6
2026.04.13	01:20:27.049	159.761	159.766			6
2026.04.13	01:20:29.152	159.758	159.763			6
2026.04.13	01:20:30.349		159.762			4
2026.04.13	01:20:37.561	159.757	159.761			6
2026.04.13	01:20:42.366	159.760	159.764			6
2026.04.13	01:20:53.475	159.762	159.766			6
2026.04.13	01:20:55.577	159.768	159.772			6
2026.04.13	01:20:56.178	159.769	159.773			6
2026.04.13	01:20:56.777	159.768	159.772			6
2026.04.13	01:21:00.087	159.768				2
2026.04.13	01:21:00.386	159.769	159.773			6
2026.04.13	01:21:00.681	159.772	159.776			6
2026.04.13	01:21:02.487	159.771	159.775			6
2026.04.13	01:21:05.500	159.770	159.774			6
2026.04.13	01:21:05.796	159.771	159.775			6
2026.04.13	01:21:07.309	159.772				2
2026.04.13	01:21:10.313	159.766	159.769			6
2026.04.13	01:21:10.914	159.765	159.768			6
2026.04.13	01:21:11.220	159.762	159.766			6
2026.04.13	01:21:13.024	159.763	159.767			6
2026.04.13	01:21:13.321	159.765	159.769			6
2026.04.13	01:21:14.219		159.768			4
2026.04.13	01:21:14.522	159.766	159.769			6
2026.04.13	01:21:15.122	159.769	159.772			6
2026.04.13	01:21:15.421	159.773	159.776			6
2026.04.13	01:21:16.022	159.777	159.780			6
2026.04.13	01:21:16.319	159.776				2
2026.04.13	01:21:16.623	159.775	159.779			6
2026.04.13	01:21:18.725	159.773	159.777			6
2026.04.13	01:21:20.227	159.774				2
2026.04.13	01:21:21.429	159.775	159.778			6
2026.04.13	01:21:26.831	159.774	159.777			6
2026.04.13	01:21:28.634	159.775	159.778			6
2026.04.13	01:21:33.140	159.776	159.779			6
2026.04.13	01:21:34.041	159.774	159.777			6
2026.04.13	01:21:34.941	159.773	159.776			6
2026.04.13	01:21:35.842	159.774	159.777			6
2026.04.13	01:21:36.149	159.768	159.771			6
2026.04.13	01:21:36.443	159.764	159.767			6
2026.04.13	01:21:37.946	159.765	159.768			6
2026.04.13	01:21:38.547	159.767	159.770			6
2026.04.13	01:21:38.845	159.765	159.768			6
2026.04.13	01:21:39.148	159.766	159.769			6
2026.04.13	01:21:44.258	159.768	159.771			6
2026.04.13	01:21:45.458	159.767	159.770			6
2026.04.13	01:21:45.762	159.766	159.769			6
2026.04.13	01:21:46.662	159.765	159.768			6
2026.04.13	01:21:46.959	159.766	159.769			6
2026.04.13	01:21:47.860	159.767	159.770			6
2026.04.13	01:21:48.762	159.766	159.769			6
2026.04.13	01:21:49.664	159.767	159.770			6
2026.04.13	01:21:51.166	159.766	159.769			6
2026.04.13	01:21:52.367	159.765	159.768			6
2026.04.13	01:21:53.268	159.766	159.769			6
2026.04.13	01:21:54.470	159.767	159.770			6
2026.04.13	01:21:54.770	159.766	159.769			6
2026.04.13	01:21:58.373	159.767				2
2026.04.13	01:22:00.179	159.767				2
2026.04.13	01:22:00.477	159.766	159.768			6
2026.04.13	01:22:02.281	159.763	159.765			6
2026.04.13	01:22:02.581	159.762	159.764			6
2026.04.13	01:22:05.882	159.768	159.770			6
2026.04.13	01:22:06.180	159.770	159.772			6
2026.04.13	01:22:07.079	159.769	159.771			6
2026.04.13	01:22:07.679	159.770	159.772			6
2026.04.13	01:22:07.980	159.769	159.771			6
2026.04.13	01:22:10.684	159.770	159.772			6
2026.04.13	01:22:10.983	159.771	159.773			6
2026.04.13	01:22:11.886	159.772	159.774			6
2026.04.13	01:22:12.188	159.774	159.776			6
2026.04.13	01:22:12.493	159.775	159.777			6
2026.04.13	01:22:13.688	159.779	159.781			6
2026.04.13	01:22:13.990	159.780	159.782			6
2026.04.13	01:22:14.290	159.782	159.784			6
2026.04.13	01:22:16.694	159.781	159.783			6
2026.04.13	01:22:22.700	159.782	159.784			6
2026.04.13	01:22:24.800	159.784	159.786			6
2026.04.13	01:22:25.099	159.783	159.785			6
2026.04.13	01:22:25.400	159.784	159.786			6
2026.04.13	01:22:25.699	159.783	159.785			6
2026.04.13	01:22:26.602	159.787	159.789			6
2026.04.13	01:22:26.901	159.786	159.788			6
2026.04.13	01:22:27.803	159.788	159.790			6
2026.04.13	01:22:28.703	159.787	159.789			6
2026.04.13	01:22:30.511	159.788	159.790			6
2026.04.13	01:22:30.810	159.789	159.791			6
2026.04.13	01:22:31.109	159.788	159.790			6
2026.04.13	01:22:34.414	159.789	159.791			6
2026.04.13	01:22:35.317	159.790	159.792			6
2026.04.13	01:22:38.322	159.791				2
2026.04.13	01:22:39.530	159.788	159.789			6
2026.04.13	01:22:39.826	159.790	159.791			6
2026.04.13	01:22:40.123	159.791	159.792			6
2026.04.13	01:22:40.423	159.790	159.791			6
2026.04.13	01:22:40.724	159.788	159.789			6
2026.04.13	01:22:41.925	159.790	159.791			6
2026.04.13	01:22:42.822	159.789	159.790			6
2026.04.13	01:22:43.122	159.790	159.791			6
2026.04.13	01:22:44.628	159.789	159.790			6
2026.04.13	01:22:44.926	159.793	159.794			6
2026.04.13	01:22:45.223	159.797	159.799			6
2026.04.13	01:22:46.125	159.799	159.801			6
2026.04.13	01:22:47.627	159.798	159.800			6
2026.04.13	01:22:48.232	159.796	159.798			6
2026.04.13	01:22:49.731	159.795	159.797			6
2026.04.13	01:22:50.331	159.796				2
2026.04.13	01:22:52.136	159.797	159.798			6
2026.04.13	01:22:52.434	159.798	159.799			6
2026.04.13	01:22:53.635	159.796	159.797			6
2026.04.13	01:22:58.138	159.795	159.796			6
2026.04.13	01:22:58.743	159.798	159.799			6
2026.04.13	01:22:59.043	159.799	159.800			6
2026.04.13	01:23:00.242	159.799				2
2026.04.13	01:23:05.047	159.798	159.799			6
2026.04.13	01:23:05.345	159.799	159.800			6
2026.04.13	01:23:07.151	159.797	159.798			6
2026.04.13	01:23:07.451	159.798	159.799			6
2026.04.13	01:23:07.752	159.797	159.798			6
2026.04.13	01:23:08.351	159.799	159.800			6
2026.04.13	01:23:08.651	159.798	159.799			6
2026.04.13	01:23:09.558	159.797	159.798			6
2026.04.13	01:23:11.956	159.799	159.800			6
2026.04.13	01:23:12.257	159.798	159.799			6
2026.04.13	01:23:12.552	159.799	159.800			6
2026.04.13	01:23:14.964	159.797	159.798			6
2026.04.13	01:23:16.462	159.794	159.795			6
2026.04.13	01:23:16.764	159.785	159.786			6
2026.04.13	01:23:17.061	159.783	159.784			6
2026.04.13	01:23:17.361	159.786	159.787			6
2026.04.13	01:23:18.265	159.785	159.786			6
2026.04.13	01:23:19.163	159.787	159.788			6
2026.04.13	01:23:19.464	159.789	159.790			6
2026.04.13	01:23:20.063	159.788	159.789			6
2026.04.13	01:23:20.666	159.789	159.790			6
2026.04.13	01:23:21.567	159.788	159.789			6
2026.04.13	01:23:22.765	159.790	159.791			6
2026.04.13	01:23:23.070	159.793	159.794			6
2026.04.13	01:23:23.366	159.791	159.792			6
2026.04.13	01:23:25.170	159.796	159.797			6
2026.04.13	01:23:26.971	159.798	159.799			6
2026.04.13	01:23:27.269	159.797	159.798			6
2026.04.13	01:23:27.870	159.796	159.797			6
2026.04.13	01:23:28.175	159.797	159.798			6
2026.04.13	01:23:28.473	159.799	159.800			6
2026.04.13	01:23:28.769	159.798	159.799			6
2026.04.13	01:23:32.376	159.797	159.798			6
2026.04.13	01:23:34.176	159.798	159.799			6
2026.04.13	01:23:35.680	159.795	159.796			6
2026.04.13	01:23:35.977	159.796	159.797			6
2026.04.13	01:23:38.384	159.797	159.798			6
2026.04.13	01:23:38.677	159.798	159.799			6
2026.04.13	01:23:39.579	159.797	159.798			6
2026.04.13	01:23:40.780	159.798	159.799			6
2026.04.13	01:23:41.080	159.797	159.798			6
2026.04.13	01:23:41.379	159.798	159.799			6
2026.04.13	01:23:42.585	159.797	159.798			6
2026.04.13	01:23:44.086	159.799	159.800			6
2026.04.13	01:23:45.888	159.798	159.799			6
2026.04.13	01:23:46.188	159.800	159.801			6
2026.04.13	01:23:46.487	159.799	159.800			6
2026.04.13	01:23:50.393	159.798	159.799			6
2026.04.13	01:23:51.294	159.799	159.800			6
2026.04.13	01:23:56.404	159.797	159.798			6
2026.04.13	01:23:56.701	159.795	159.796			6
2026.04.13	01:23:56.998	159.787	159.788			6
2026.04.13	01:23:58.502	159.788	159.789			6
2026.04.13	01:23:58.804	159.787	159.788			6
2026.04.13	01:23:59.100	159.786	159.787			6
2026.04.13	01:24:00.003	159.786				2
2026.04.13	01:24:00.307	159.787	159.788			6
2026.04.13	01:24:00.604	159.788	159.789			6
2026.04.13	01:24:00.906	159.787	159.788			6
2026.04.13	01:24:02.104	159.786	159.787			6
2026.04.13	01:24:02.407	159.792	159.793			6
2026.04.13	01:24:02.706	159.797	159.798			6
2026.04.13	01:24:03.007	159.796	159.797			6
2026.04.13	01:24:04.510	159.797	159.798			6
2026.04.13	01:24:07.518	159.796	159.797			6
2026.04.13	01:24:07.818	159.795	159.796			6
2026.04.13	01:24:10.517	159.796	159.797			6
2026.04.13	01:24:14.424	159.795	159.796			6
2026.04.13	01:24:14.721	159.796	159.797			6
2026.04.13	01:24:15.023	159.790	159.791			6
2026.04.13	01:24:15.923	159.789	159.790			6
2026.04.13	01:24:16.225	159.790	159.791			6
2026.04.13	01:24:17.426	159.791	159.792			6
2026.04.13	01:24:18.328	159.790	159.791			6
2026.04.13	01:24:18.631	159.788	159.789			6
2026.04.13	01:24:18.925	159.789	159.790			6
2026.04.13	01:24:19.226	159.790	159.791			6
2026.04.13	01:24:21.928	159.789	159.790			6
2026.04.13	01:24:22.528	159.787	159.788			6
2026.04.13	01:24:22.832	159.786	159.787			6
2026.04.13	01:24:23.132	159.788	159.789			6
2026.04.13	01:24:23.430	159.790	159.791			6
2026.04.13	01:24:23.733	159.791	159.792			6
2026.04.13	01:24:24.033	159.790	159.791			6
2026.04.13	01:24:25.535	159.791	159.792			6
2026.04.13	01:24:25.835	159.790	159.791			6
2026.04.13	01:24:27.033	159.795	159.796			6
2026.04.13	01:24:28.537	159.796	159.797			6
2026.04.13	01:24:36.046	159.795	159.796			6
2026.04.13	01:24:36.641	159.796	159.797			6
2026.04.13	01:24:36.948	159.797	159.798			6
2026.04.13	01:24:37.246	159.798	159.799			6
2026.04.13	01:24:37.547	159.801	159.802			6
2026.04.13	01:24:37.842	159.798	159.799			6
2026.04.13	01:24:41.450	159.800	159.801			6
2026.04.13	01:24:42.947	159.799	159.800			6
2026.04.13	01:24:43.547	159.800	159.801			6
2026.04.13	01:24:43.847	159.799	159.800			6
2026.04.13	01:24:44.447	159.800	159.801			6
2026.04.13	01:24:46.549	159.799	159.800			6
2026.04.13	01:24:47.450	159.800	159.801			6
2026.04.13	01:24:48.050	159.799	159.800			6
2026.04.13	01:24:49.253	159.800	159.801			6
2026.04.13	01:24:49.552	159.799	159.800			6
2026.04.13	01:24:51.357	159.798	159.799			6
2026.04.13	01:24:51.654	159.799	159.800			6
2026.04.13	01:24:51.958	159.797	159.798			6
2026.04.13	01:25:00.066	159.797				2
2026.04.13	01:25:00.967	159.798	159.799			6
2026.04.13	01:25:01.268	159.800	159.801			6
2026.04.13	01:25:01.567	159.799	159.800			6
2026.04.13	01:25:01.866	159.797	159.798			6
2026.04.13	01:25:08.187	159.796	159.797			6
2026.04.13	01:25:08.482	159.797	159.798			6
2026.04.13	01:25:11.489	159.796	159.797			6
2026.04.13	01:25:11.790	159.797	159.798			6
2026.04.13	01:25:13.292	159.798	159.799			6
2026.04.13	01:25:14.495	159.799	159.800			6
2026.04.13	01:25:19.308	159.800	159.801			6
2026.04.13	01:25:19.608	159.799	159.800			6
2026.04.13	01:25:22.313	159.800	159.801			6
2026.04.13	01:25:24.714	159.798	159.799			6
2026.04.13	01:25:26.519	159.797	159.798			6
2026.04.13	01:25:26.819	159.799	159.800			6
2026.04.13	01:25:27.118	159.798	159.799			6
2026.04.13	01:25:32.525	159.797	159.798			6
2026.04.13	01:25:33.122	159.798	159.799			6
2026.04.13	01:25:34.325	159.799	159.800			6
2026.04.13	01:25:34.626	159.798	159.799			6
2026.04.13	01:25:34.924	159.797	159.798			6
2026.04.13	01:25:36.726	159.799	159.800			6
2026.04.13	01:25:38.228	159.797	159.798			6
2026.04.13	01:25:39.429	159.799	159.800			6
2026.04.13	01:25:39.731	159.797	159.798			6
2026.04.13	01:25:40.632	159.798	159.799			6
2026.04.13	01:25:41.234	159.799	159.800			6
2026.04.13	01:25:41.836	159.798	159.799			6
2026.04.13	01:25:43.041	159.797	159.798			6
2026.04.13	01:25:43.942	159.799	159.800			6
2026.04.13	01:25:46.645	159.798	159.799			6
2026.04.13	01:25:47.249	159.799	159.800			6
2026.04.13	01:25:47.845	159.798	159.799			6
2026.04.13	01:25:49.646	159.797	159.798			6
2026.04.13	01:25:49.948	159.799	159.800			6
2026.04.13	01:25:50.850	159.798	159.799			6
2026.04.13	01:25:51.149	159.799	159.800			6
2026.04.13	01:25:58.358	159.797	159.799			6
2026.04.13	01:25:58.656	159.795	159.800			6
2026.04.13	01:25:59.862		159.799			4
2026.04.13	01:26:00.163	159.799	159.800			6
2026.04.13	01:26:00.459	159.798	159.799			6
2026.04.13	01:26:00.762	159.797	159.798			6
2026.04.13	01:26:01.663	159.798	159.799			6
2026.04.13	01:26:02.569	159.799	159.800			6
2026.04.13	01:26:02.862	159.798	159.799			6
2026.04.13	01:26:13.383	159.799	159.800			6
2026.04.13	01:26:13.677	159.798	159.799			6
2026.04.13	01:26:13.978	159.797	159.798			6
2026.04.13	01:26:18.185	159.796	159.797			6
2026.04.13	01:26:18.787	159.795	159.796			6
2026.04.13	01:26:19.087	159.796	159.797			6
2026.04.13	01:26:24.195	159.794	159.795			6
2026.04.13	01:26:24.492	159.793	159.794			6
2026.04.13	01:26:27.202	159.794	159.795			6
2026.04.13	01:26:30.211	159.790	159.791			6
2026.04.13	01:26:31.117	159.792	159.793			6
2026.04.13	01:26:31.413	159.793	159.794			6
2026.04.13	01:26:31.714	159.792	159.793			6
2026.04.13	01:26:35.621	159.793	159.794			6
2026.04.13	01:26:56.045	159.794	159.795			6
2026.04.13	01:27:00.251	159.794				2
2026.04.13	01:27:03.857	159.795	159.796			6
2026.04.13	01:27:10.765	159.794	159.795			6
2026.04.13	01:27:15.267	159.792	159.793			6
2026.04.13	01:27:16.470	159.791	159.792			6
2026.04.13	01:27:16.769	159.795	159.796			6
2026.04.13	01:27:18.575	159.794	159.795			6
2026.04.13	01:27:19.174	159.795	159.796			6
2026.04.13	01:27:19.475	159.797	159.798			6
2026.04.13	01:27:21.276	159.796	159.797			6
2026.04.13	01:27:45.012	159.797	159.798			6
2026.04.13	01:27:46.511	159.796	159.797			6
2026.04.13	01:27:53.720	159.797	159.798			6
2026.04.13	01:27:57.621	159.796	159.797			6
2026.04.13	01:28:00.026	159.798	159.799			6
2026.04.13	01:28:00.327	159.801	159.802			6
2026.04.13	01:28:00.624	159.798	159.799			6
2026.04.13	01:28:04.227	159.818	159.819			6
2026.04.13	01:28:04.526	159.811	159.812			6
2026.04.13	01:28:04.828	159.808	159.809			6
2026.04.13	01:28:05.428	159.801	159.802			6
2026.04.13	01:28:06.329	159.800	159.801			6
2026.04.13	01:28:07.231	159.809	159.810			6
2026.04.13	01:28:07.532	159.811	159.812			6
2026.04.13	01:28:07.831	159.810	159.811			6
2026.04.13	01:28:08.433	159.811	159.812			6
2026.04.13	01:28:08.731	159.810	159.811			6
2026.04.13	01:28:09.336	159.811	159.812			6
2026.04.13	01:28:12.033	159.813	159.814			6
2026.04.13	01:28:12.638	159.812	159.813			6
2026.04.13	01:28:13.539	159.810	159.811			6
2026.04.13	01:28:18.945	159.809	159.810			6
2026.04.13	01:28:19.245	159.810	159.811			6
2026.04.13	01:28:20.747	159.809	159.810			6
2026.04.13	01:28:21.952	159.810	159.811			6
2026.04.13	01:28:22.251	159.811	159.812			6
2026.04.13	01:28:22.547	159.812	159.813			6
2026.04.13	01:28:22.852	159.813	159.814			6
2026.04.13	01:28:23.750	159.812	159.813			6
2026.04.13	01:28:24.355	159.813	159.814			6
2026.04.13	01:28:24.651	159.810	159.811			6
2026.04.13	01:28:25.252	159.809	159.810			6
2026.04.13	01:28:25.557	159.810	159.811			6
2026.04.13	01:28:26.151	159.809	159.810			6
2026.04.13	01:28:36.668	159.808	159.809			6
2026.04.13	01:28:37.866	159.809	159.810			6
2026.04.13	01:28:38.167	159.808	159.809			6
2026.04.13	01:28:38.468	159.807	159.808			6
2026.04.13	01:28:41.178	159.806	159.807			6
2026.04.13	01:28:43.580	159.802	159.803			6
2026.04.13	01:28:43.876	159.797	159.798			6
2026.04.13	01:28:44.775	159.796	159.797			6
2026.04.13	01:28:45.678	159.798	159.799			6
2026.04.13	01:28:45.977	159.800	159.801			6
2026.04.13	01:28:46.878	159.799	159.800			6
2026.04.13	01:28:47.178	159.800	159.801			6
2026.04.13	01:28:48.980	159.799	159.800			6
2026.04.13	01:28:51.997	159.795	159.796			6
2026.04.13	01:28:54.402	159.796	159.797			6
2026.04.13	01:29:00.116	159.796				2
2026.04.13	01:29:00.417	159.798	159.799			6
2026.04.13	01:29:01.014	159.797	159.798			6
2026.04.13	01:29:06.120	159.798	159.799			6
2026.04.13	01:29:07.318	159.804	159.805			6
2026.04.13	01:29:07.623	159.809	159.810			6
2026.04.13	01:29:10.318	159.810	159.811			6
2026.04.13	01:29:11.524	159.811	159.812			6
2026.04.13	01:29:11.819	159.810	159.811			6
2026.04.13	01:29:15.122	159.811	159.812			6
2026.04.13	01:29:15.421	159.810	159.811			6
2026.04.13	01:29:17.525	159.811	159.812			6
2026.04.13	01:29:17.825	159.810	159.811			6
2026.04.13	01:29:18.428	159.812	159.813			6
2026.04.13	01:29:18.725	159.813	159.814			6
2026.04.13	01:29:19.329	159.814	159.815			6
2026.04.13	01:29:19.925	159.813	159.814			6
2026.04.13	01:29:20.834	159.814	159.815			6
2026.04.13	01:29:21.428	159.812	159.813			6
2026.04.13	01:29:22.031	159.813	159.814			6
2026.04.13	01:29:22.630	159.812	159.813			6
2026.04.13	01:29:23.528	159.814	159.815			6
2026.04.13	01:29:26.232	159.812	159.813			6
2026.04.13	01:29:26.531	159.811	159.812			6
2026.04.13	01:29:27.436	159.810	159.811			6
2026.04.13	01:29:31.636	159.808	159.809			6
2026.04.13	01:29:37.943	159.809	159.810			6
2026.04.13	01:29:43.050	159.810	159.811			6
2026.04.13	01:29:45.158	159.812	159.813			6
2026.04.13	01:29:45.755	159.810	159.811			6
2026.04.13	01:29:46.057	159.811	159.812			6
2026.04.13	01:29:48.161	159.810	159.811			6
2026.04.13	01:29:48.759	159.809	159.810			6
2026.04.13	01:29:50.562	159.807	159.808			6
2026.04.13	01:29:50.861	159.808	159.809			6
2026.04.13	01:29:53.262	159.809	159.810			6
2026.04.13	01:29:58.675	159.808	159.809			6
2026.04.13	01:30:00.181	159.808				2
2026.04.13	01:30:03.479	159.809	159.810			6
2026.04.13	01:30:04.982	159.811	159.812			6
2026.04.13	01:30:06.791	159.812	159.813			6
2026.04.13	01:30:07.695	159.811	159.812			6
2026.04.13	01:30:10.697	159.814	159.815			6
2026.04.13	01:30:11.000	159.813	159.814			6
2026.04.13	01:30:11.297	159.811	159.812			6
2026.04.13	01:30:11.602	159.812	159.813			6
2026.04.13	01:30:12.200	159.816	159.817			6
2026.04.13	01:30:12.500	159.817	159.818			6
2026.04.13	01:30:12.799	159.818	159.819			6
2026.04.13	01:30:13.706	159.817	159.818			6
2026.04.13	01:30:14.905	159.816	159.817			6
2026.04.13	01:30:15.208	159.818	159.819			6
2026.04.13	01:30:15.504	159.820	159.821			6
2026.04.13	01:30:15.806	159.822	159.823			6
2026.04.13	01:30:16.104	159.821	159.822			6
2026.04.13	01:30:16.410	159.819	159.820			6
2026.04.13	01:30:16.705	159.829	159.830			6
2026.04.13	01:30:17.008	159.830	159.831			6
2026.04.13	01:30:17.304	159.831	159.832			6
2026.04.13	01:30:17.605	159.832	159.833			6
2026.04.13	01:30:17.908	159.833	159.834			6
2026.04.13	01:30:18.205	159.831	159.832			6
2026.04.13	01:30:18.505	159.830	159.831			6
2026.04.13	01:30:18.811	159.829	159.830			6
2026.04.13	01:30:19.409	159.831	159.832			6
2026.04.13	01:30:19.706	159.830	159.831			6
2026.04.13	01:30:20.007	159.829	159.830			6
2026.04.13	01:30:20.307	159.830	159.831			6
2026.04.13	01:30:20.909	159.839	159.840			6
2026.04.13	01:30:21.215	159.834	159.837			6
2026.04.13	01:30:21.508	159.832	159.835			6
2026.04.13	01:30:21.810	159.831	159.833			6
2026.04.13	01:30:22.112	159.833	159.834			6
2026.04.13	01:30:22.410	159.831	159.833			6
2026.04.13	01:30:22.710	159.822	159.824			6
2026.04.13	01:30:23.011	159.821	159.822			6
2026.04.13	01:30:23.310	159.823	159.824			6
2026.04.13	01:30:23.911	159.821	159.822			6
2026.04.13	01:30:24.512	159.822	159.823			6
2026.04.13	01:30:25.113	159.823	159.824			6
2026.04.13	01:30:25.415	159.822	159.823			6
2026.04.13	01:30:25.713	159.828	159.829			6
2026.04.13	01:30:26.014	159.832	159.833			6
2026.04.13	01:30:26.313	159.833	159.834			6
2026.04.13	01:30:27.517	159.834	159.835			6
2026.04.13	01:30:28.115	159.835	159.836			6
2026.04.13	01:30:28.416	159.834	159.835			6
2026.04.13	01:30:28.715	159.833	159.834			6
2026.04.13	01:30:29.619	159.832	159.833			6
2026.04.13	01:30:30.522	159.833	159.834			6
2026.04.13	01:30:30.828	159.834	159.835			6
2026.04.13	01:30:31.423	159.831	159.832			6
2026.04.13	01:30:31.728	159.834	159.835			6
2026.04.13	01:30:32.027	159.835	159.836			6
2026.04.13	01:30:32.327	159.834	159.835			6
2026.04.13	01:30:32.627	159.835	159.836			6
2026.04.13	01:30:33.827	159.834	159.835			6
2026.04.13	01:30:34.428	159.832	159.833			6
2026.04.13	01:30:35.037	159.833	159.834			6
2026.04.13	01:30:35.329	159.837	159.838			6
2026.04.13	01:30:35.629	159.836	159.837			6
2026.04.13	01:30:35.933	159.835	159.836			6
2026.04.13	01:30:36.232	159.836	159.837			6
2026.04.13	01:30:36.536	159.837	159.838			6
2026.04.13	01:30:36.833	159.835	159.836			6
2026.04.13	01:30:37.730	159.834	159.835			6
2026.04.13	01:30:38.333	159.835	159.836			6
2026.04.13	01:30:38.934	159.834	159.835			6
2026.04.13	01:30:39.235	159.835	159.836			6
2026.04.13	01:30:39.840	159.834	159.835			6
2026.04.13	01:30:40.137	159.835	159.836			6
2026.04.13	01:30:40.733	159.834	159.835			6
2026.04.13	01:30:41.337	159.835	159.836			6
2026.04.13	01:30:41.634	159.836	159.837			6
2026.04.13	01:30:41.934	159.837	159.838			6
2026.04.13	01:30:42.838	159.839	159.840			6
2026.04.13	01:30:43.134	159.837	159.838			6
2026.04.13	01:30:43.433	159.839	159.840			6
2026.04.13	01:30:44.639	159.837	159.838			6
2026.04.13	01:30:44.933	159.834	159.835			6
2026.04.13	01:30:45.234	159.836	159.837			6
2026.04.13	01:30:45.536	159.837	159.838			6
2026.04.13	01:30:46.738	159.836	159.837			6
2026.04.13	01:30:47.039	159.837	159.838			6
2026.04.13	01:30:49.145	159.838	159.839			6
2026.04.13	01:30:49.444	159.839	159.840			6
2026.04.13	01:30:50.341	159.835	159.836			6
2026.04.13	01:30:51.541	159.834	159.835			6
2026.04.13	01:30:51.843	159.835	159.836			6
2026.04.13	01:30:52.140	159.834	159.835			6
2026.04.13	01:30:52.447	159.836	159.837			6
2026.04.13	01:30:52.743	159.832	159.833			6
2026.04.13	01:30:53.046	159.833	159.834			6
2026.04.13	01:30:53.345	159.834	159.835			6
2026.04.13	01:30:53.646	159.833	159.834			6
2026.04.13	01:30:53.948	159.831	159.832			6
2026.04.13	01:30:54.249	159.833	159.834			6
2026.04.13	01:30:54.548	159.832	159.833			6
2026.04.13	01:30:55.150	159.831	159.832			6
2026.04.13	01:30:55.444	159.833	159.834			6
2026.04.13	01:30:56.944	159.834	159.835			6
2026.04.13	01:30:57.248	159.832	159.833			6
2026.04.13	01:30:57.545	159.834	159.835			6
2026.04.13	01:30:57.846	159.832	159.833			6
2026.04.13	01:30:58.146	159.834	159.835			6
2026.04.13	01:30:58.748	159.833	159.834			6
2026.04.13	01:30:59.349	159.836	159.837			6
2026.04.13	01:30:59.649	159.835	159.836			6
2026.04.13	01:31:00.250	159.835				2
2026.04.13	01:31:00.852	159.838	159.839			6
2026.04.13	01:31:01.457	159.836	159.837			6
2026.04.13	01:31:01.759	159.834	159.835			6
2026.04.13	01:31:02.055	159.833	159.834			6
2026.04.13	01:31:02.350	159.832	159.833			6
2026.04.13	01:31:02.957	159.837	159.838			6
2026.04.13	01:31:03.251	159.839	159.840			6
2026.04.13	01:31:03.554	159.838	159.839			6
2026.04.13	01:31:11.962	159.837	159.838			6
2026.04.13	01:31:20.970	159.839	159.840			6
2026.04.13	01:31:22.473	159.837	159.838			6
2026.04.13	01:31:22.777	159.839	159.840			6
2026.04.13	01:31:26.679	159.838	159.839			6
2026.04.13	01:31:28.181	159.840	159.841			6
2026.04.13	01:31:29.080	159.839	159.840			6
2026.04.13	01:31:29.380	159.840	159.841			6
2026.04.13	01:31:29.680	159.839	159.840			6
2026.04.13	01:31:33.288	159.840	159.841			6
2026.04.13	01:31:33.592	159.839	159.840			6
2026.04.13	01:31:40.794	159.840	159.841			6
2026.04.13	01:31:41.095	159.838	159.839			6
2026.04.13	01:31:41.695	159.840	159.841			6
2026.04.13	01:31:42.296	159.839	159.840			6
2026.04.13	01:31:43.198	159.840	159.841			6
2026.04.13	01:31:44.099	159.839	159.840			6
2026.04.13	01:31:45.300	159.838	159.839			6
2026.04.13	01:31:45.603	159.840	159.841			6
2026.04.13	01:31:47.102	159.839	159.840			6
2026.04.13	01:31:47.705	159.840	159.841			6
2026.04.13	01:31:48.005	159.839	159.840			6
2026.04.13	01:31:48.302	159.840	159.841			6
2026.04.13	01:31:48.602	159.839	159.840			6
2026.04.13	01:31:54.007	159.840	159.841			6
2026.04.13	01:31:54.306	159.839	159.840			6
2026.04.13	01:31:57.917	159.840	159.841			6
2026.04.13	01:31:58.217	159.839	159.840			6
2026.04.13	01:32:00.021	159.839				2
2026.04.13	01:32:02.726	159.846	159.847			6
2026.04.13	01:32:03.023	159.839	159.840			6
2026.04.13	01:32:03.320	159.838	159.839			6
2026.04.13	01:32:03.620	159.839	159.840			6
2026.04.13	01:32:04.223	159.838	159.839			6
2026.04.13	01:32:04.523	159.837	159.838			6
2026.04.13	01:32:05.424	159.838	159.839			6
2026.04.13	01:32:05.726	159.837	159.838			6
2026.04.13	01:32:06.020	159.839	159.840			6
2026.04.13	01:32:06.319	159.838	159.839			6
2026.04.13	01:32:07.821	159.839	159.840			6
2026.04.13	01:32:11.424	159.831	159.832			6
2026.04.13	01:32:12.026	159.833	159.834			6
2026.04.13	01:32:12.325	159.837	159.838			6
2026.04.13	01:32:12.926	159.838	159.839			6
2026.04.13	01:32:15.328	159.837	159.838			6
2026.04.13	01:32:15.930	159.839	159.840			6
2026.04.13	01:32:16.230	159.838	159.839			6
2026.04.13	01:32:17.432	159.839	159.840			6
2026.04.13	01:32:20.140	159.838	159.839			6
2026.04.13	01:32:21.342	159.836	159.837			6
2026.04.13	01:32:21.642	159.831	159.832			6
2026.04.13	01:32:21.941	159.833	159.834			6
2026.04.13	01:32:22.242	159.834	159.835			6
2026.04.13	01:32:22.546	159.836	159.837			6
2026.04.13	01:32:22.842	159.837	159.838			6
2026.04.13	01:32:23.743	159.836	159.837			6
2026.04.13	01:32:24.044	159.837	159.838			6
2026.04.13	01:32:26.147	159.838	159.839			6
2026.04.13	01:32:28.844	159.830	159.831			6
2026.04.13	01:32:29.145	159.831	159.832			6
2026.04.13	01:32:33.354	159.834	159.835			6
2026.04.13	01:32:33.648	159.835	159.836			6
2026.04.13	01:32:34.252	159.838	159.839			6
2026.04.13	01:32:34.549	159.839	159.840			6
2026.04.13	01:32:35.751	159.838	159.839			6
2026.04.13	01:32:39.059	159.837	159.838			6
2026.04.13	01:32:39.357	159.835	159.836			6
2026.04.13	01:32:39.658	159.834	159.835			6
2026.04.13	01:32:40.258	159.835	159.836			6
2026.04.13	01:32:41.461	159.834	159.835			6
2026.04.13	01:32:45.363	159.836	159.837			6
2026.04.13	01:32:45.666	159.837	159.838			6
2026.04.13	01:32:46.571	159.835	159.836			6
2026.04.13	01:32:46.862	159.832	159.833			6
2026.04.13	01:32:49.569	159.831	159.832			6
2026.04.13	01:32:52.871	159.836	159.837			6
2026.04.13	01:32:53.170	159.838	159.839			6
2026.04.13	01:32:54.673	159.836	159.837			6
2026.04.13	01:32:56.180	159.834	159.835			6
2026.04.13	01:32:56.474	159.832	159.833			6
2026.04.13	01:32:57.374	159.833	159.834			6
2026.04.13	01:33:00.076	159.832	159.833			6
2026.04.13	01:33:00.679	159.834	159.835			6
2026.04.13	01:33:00.977	159.835	159.836			6
2026.04.13	01:33:03.382	159.836	159.837			6
2026.04.13	01:33:03.680	159.838	159.839			6
2026.04.13	01:33:04.585	159.839	159.840			6
2026.04.13	01:33:04.884	159.838	159.839			6
2026.04.13	01:33:06.390	159.840	159.841			6
2026.04.13	01:33:06.687	159.837	159.838			6
2026.04.13	01:33:11.493	159.838	159.839			6
2026.04.13	01:33:12.693	159.841	159.842			6
2026.04.13	01:33:12.994	159.839	159.840			6
2026.04.13	01:33:14.200	159.838	159.839			6
2026.04.13	01:33:15.403	159.840	159.841			6
2026.04.13	01:33:15.704	159.838	159.839			6
2026.04.13	01:33:20.212	159.839	159.840			6
2026.04.13	01:33:20.510	159.838	159.839			6
2026.04.13	01:33:23.219	159.837	159.838			6
2026.04.13	01:33:27.420	159.839	159.840			6
2026.04.13	01:33:27.720	159.838	159.839			6
2026.04.13	01:33:28.020	159.837	159.838			6
2026.04.13	01:33:38.533	159.838	159.839			6
2026.04.13	01:33:38.835	159.834	159.835			6
2026.04.13	01:33:39.132	159.831	159.832			6
2026.04.13	01:33:40.342	159.830	159.831			6
2026.04.13	01:33:40.937	159.834	159.835			6
2026.04.13	01:33:41.236	159.836	159.837			6
2026.04.13	01:33:41.543	159.837	159.838			6
2026.04.13	01:33:43.045	159.831	159.832			6
2026.04.13	01:33:46.048	159.830	159.831			6
2026.04.13	01:33:46.348	159.831	159.832			6
2026.04.13	01:33:46.648	159.830	159.831			6
2026.04.13	01:33:47.848	159.829	159.830			6
2026.04.13	01:33:51.150	159.830	159.831			6
2026.04.13	01:33:54.152	159.829	159.830			6
2026.04.13	01:33:55.055	159.830	159.831			6
2026.04.13	01:33:55.659	159.829	159.830			6
2026.04.13	01:34:00.160	159.829				2
2026.04.13	01:34:00.758	159.830	159.831			6
2026.04.13	01:34:01.357	159.829	159.830			6
2026.04.13	01:34:02.257	159.830	159.831			6
2026.04.13	01:34:03.169	159.831	159.832			6
2026.04.13	01:34:03.459	159.833	159.834			6
2026.04.13	01:34:03.765	159.834	159.835			6
2026.04.13	01:34:04.059	159.837	159.838			6
2026.04.13	01:34:04.360	159.838	159.839			6
2026.04.13	01:34:05.563	159.837	159.838			6
2026.04.13	01:34:09.465	159.831	159.832			6
2026.04.13	01:34:10.367	159.835	159.836			6
2026.04.13	01:34:11.570	159.832	159.833			6
2026.04.13	01:34:11.870	159.831	159.832			6
2026.04.13	01:34:12.167	159.832	159.833			6
2026.04.13	01:34:13.068	159.831	159.832			6
2026.04.13	01:34:13.369	159.830	159.831			6
2026.04.13	01:34:13.672	159.832	159.833			6
2026.04.13	01:34:13.971	159.834	159.835			6
2026.04.13	01:34:14.275	159.829	159.830			6
2026.04.13	01:34:15.476	159.830	159.831			6
2026.04.13	01:34:15.772	159.831	159.832			6
2026.04.13	01:34:16.076	159.832	159.833			6
2026.04.13	01:34:16.673	159.833	159.834			6
2026.04.13	01:34:17.278	159.834	159.835			6
2026.04.13	01:34:17.576	159.836	159.837			6
2026.04.13	01:34:18.780	159.834	159.835			6
2026.04.13	01:34:19.074	159.835	159.836			6
2026.04.13	01:34:19.673	159.837	159.838			6
2026.04.13	01:34:20.580	159.834	159.835			6
2026.04.13	01:34:20.880	159.835	159.836			6
2026.04.13	01:34:21.177	159.836	159.837			6
2026.04.13	01:34:21.478	159.835	159.836			6
2026.04.13	01:34:22.079	159.836	159.837			6
2026.04.13	01:34:22.380	159.835	159.836			6
2026.04.13	01:34:22.681	159.834	159.835			6
2026.04.13	01:34:22.980	159.836	159.837			6
2026.04.13	01:34:23.276	159.838	159.839			6
2026.04.13	01:34:23.579	159.837	159.838			6
2026.04.13	01:34:24.482	159.836	159.837			6
2026.04.13	01:34:25.384	159.837	159.838			6
2026.04.13	01:34:27.795	159.836	159.837			6
2026.04.13	01:34:32.292	159.834	159.835			6
2026.04.13	01:34:32.894	159.833	159.834			6
2026.04.13	01:34:33.194	159.834	159.835			6
2026.04.13	01:34:34.397	159.833	159.834			6
2026.04.13	01:34:36.198	159.832	159.833			6
2026.04.13	01:34:36.798	159.837	159.838			6
2026.04.13	01:34:37.398	159.835	159.836			6
2026.04.13	01:34:37.698	159.836	159.837			6
2026.04.13	01:34:37.999	159.833	159.834			6
2026.04.13	01:34:39.808	159.834	159.835			6
2026.04.13	01:34:40.106	159.837	159.838			6
2026.04.13	01:34:40.403	159.833	159.834			6
2026.04.13	01:34:41.009	159.832	159.833			6
2026.04.13	01:34:41.603	159.833	159.834			6
2026.04.13	01:34:42.810	159.832	159.833			6
2026.04.13	01:34:43.107	159.833	159.834			6
2026.04.13	01:34:44.010	159.832	159.833			6
2026.04.13	01:34:45.816	159.833	159.834			6
2026.04.13	01:34:46.712	159.834	159.835			6
2026.04.13	01:34:48.518	159.833	159.834			6
2026.04.13	01:34:48.823	159.832	159.833			6
2026.04.13	01:34:51.826	159.831	159.832			6
2026.04.13	01:34:52.122	159.829	159.830			6
2026.04.13	01:34:54.223	159.828	159.829			6
2026.04.13	01:34:55.123	159.829	159.830			6
2026.04.13	01:34:57.230	159.827	159.828			6
2026.04.13	01:34:57.528	159.830	159.831			6
2026.04.13	01:34:57.826	159.831	159.832			6
2026.04.13	01:34:59.028	159.832	159.833			6
2026.04.13	01:34:59.328	159.831	159.832			6
2026.04.13	01:35:00.228	159.831				2
2026.04.13	01:35:03.230	159.835	159.836			6
2026.04.13	01:35:03.831	159.834	159.835			6
2026.04.13	01:35:04.129	159.836	159.837			6
2026.04.13	01:35:04.430	159.837	159.838			6
2026.04.13	01:35:05.929	159.838	159.839			6
2026.04.13	01:35:06.528	159.833	159.834			6
2026.04.13	01:35:06.829	159.832	159.833			6
2026.04.13	01:35:07.131	159.831	159.832			6
2026.04.13	01:35:08.030	159.832	159.833			6
2026.04.13	01:35:08.331	159.831	159.832			6
2026.04.13	01:35:10.132	159.834	159.835			6
2026.04.13	01:35:10.438	159.836	159.837			6
2026.04.13	01:35:12.235	159.837	159.838			6
2026.04.13	01:35:12.533	159.836	159.837			6
2026.04.13	01:35:14.943	159.835	159.836			6
2026.04.13	01:35:15.238	159.838	159.839			6
2026.04.13	01:35:15.538	159.839	159.840			6
2026.04.13	01:35:20.344	159.837	159.838			6
2026.04.13	01:35:20.645	159.839	159.840			6
2026.04.13	01:35:20.947	159.840	159.841			6
2026.04.13	01:35:21.247	159.838	159.839			6
2026.04.13	01:35:21.548	159.839	159.840			6
2026.04.13	01:35:21.848	159.840	159.841			6
2026.04.13	01:35:22.150	159.838	159.839			6
2026.04.13	01:35:23.357	159.841	159.842			6
2026.04.13	01:35:23.653	159.838	159.839			6
2026.04.13	01:35:23.951	159.839	159.840			6
2026.04.13	01:35:24.253	159.841	159.842			6
2026.04.13	01:35:24.554	159.839	159.840			6
2026.04.13	01:35:25.150	159.840	159.841			6
2026.04.13	01:35:25.452	159.838	159.839			6
2026.04.13	01:35:26.356	159.840	159.841			6
2026.04.13	01:35:30.256	159.838	159.839			6
2026.04.13	01:35:36.869	159.839	159.840			6
2026.04.13	01:35:37.167	159.840	159.841			6
2026.04.13	01:35:37.470	159.839	159.840			6
2026.04.13	01:35:38.676	159.838	159.839			6
2026.04.13	01:35:40.175	159.841	159.842			6
2026.04.13	01:35:40.475	159.839	159.840			6
2026.04.13	01:35:48.890	159.836	159.837			6
2026.04.13	01:35:50.995	159.835	159.836			6
2026.04.13	01:35:51.291	159.831	159.832			6
2026.04.13	01:35:57.903	159.830	159.831			6
2026.04.13	01:35:59.402	159.828	159.829			6
2026.04.13	01:35:59.704	159.829	159.830			6
2026.04.13	01:36:00.006	159.828	159.829			6
2026.04.13	01:36:00.606	159.832	159.833			6
2026.04.13	01:36:00.907	159.834	159.835			6
2026.04.13	01:36:01.208	159.835	159.836			6
2026.04.13	01:36:04.510	159.836	159.837			6
2026.04.13	01:36:05.415	159.838	159.839			6
2026.04.13	01:36:06.018	159.839	159.840			6
2026.04.13	01:36:06.311	159.840	159.841			6
2026.04.13	01:36:06.613	159.838	159.839			6
2026.04.13	01:36:10.519	159.839	159.840			6
2026.04.13	01:36:11.119	159.837	159.838			6
2026.04.13	01:36:12.019	159.838	159.839			6
2026.04.13	01:36:12.322	159.839	159.840			6
2026.04.13	01:36:12.620	159.838	159.839			6
2026.04.13	01:36:13.221	159.837	159.838			6
2026.04.13	01:36:14.724	159.836	159.837			6
2026.04.13	01:36:15.922	159.837	159.838			6
2026.04.13	01:36:16.820	159.834	159.835			6
2026.04.13	01:36:17.122	159.836	159.837			6
2026.04.13	01:36:17.421	159.838	159.839			6
2026.04.13	01:36:18.625	159.833	159.834			6
2026.04.13	01:36:18.922	159.832	159.833			6
2026.04.13	01:36:19.822	159.833	159.834			6
2026.04.13	01:36:20.122	159.832	159.833			6
2026.04.13	01:36:29.435	159.833	159.834			6
2026.04.13	01:36:30.931	159.832	159.833			6
2026.04.13	01:36:31.834	159.833	159.834			6
2026.04.13	01:36:38.151	159.832	159.833			6
2026.04.13	01:36:39.948	159.833	159.834			6
2026.04.13	01:36:43.556	159.832	159.833			6
2026.04.13	01:36:45.356	159.833	159.834			6
2026.04.13	01:36:45.652	159.832	159.833			6
2026.04.13	01:36:46.256	159.833	159.834			6
2026.04.13	01:36:48.356	159.840	159.841			6
2026.04.13	01:36:48.656	159.838	159.839			6
2026.04.13	01:36:50.467	159.836	159.837			6
2026.04.13	01:36:50.758	159.833	159.834			6
2026.04.13	01:36:51.057	159.830	159.831			6
2026.04.13	01:36:51.658	159.831	159.832			6
2026.04.13	01:36:52.264	159.832	159.833			6
2026.04.13	01:36:53.160	159.831	159.832			6
2026.04.13	01:36:53.758	159.829	159.830			6
2026.04.13	01:36:55.566	159.831	159.832			6
2026.04.13	01:36:55.866	159.832	159.833			6
2026.04.13	01:36:56.166	159.831	159.832			6
2026.04.13	01:36:59.471	159.830	159.831			6
2026.04.13	01:37:00.071	159.830				2
2026.04.13	01:37:01.272	159.829	159.830			6
2026.04.13	01:37:01.573	159.830	159.831			6
2026.04.13	01:37:02.173	159.831	159.832			6
2026.04.13	01:37:02.779	159.832	159.833			6
2026.04.13	01:37:03.076	159.833	159.834			6
2026.04.13	01:37:04.275	159.837	159.838			6
2026.04.13	01:37:04.574	159.838	159.839			6
2026.04.13	01:37:09.983	159.839	159.840			6
2026.04.13	01:37:10.884	159.838	159.839			6
2026.04.13	01:37:14.795	159.828	159.829			6
2026.04.13	01:37:16.596	159.826	159.827			6
2026.04.13	01:37:17.195	159.827	159.828			6
2026.04.13	01:37:19.598	159.826	159.827			6
2026.04.13	01:37:23.206	159.825	159.826			6
2026.04.13	01:37:23.504	159.827	159.828			6
2026.04.13	01:37:27.411	159.825	159.826			6
2026.04.13	01:37:28.013	159.826	159.827			6
2026.04.13	01:37:29.812	159.830	159.831			6
2026.04.13	01:37:30.116	159.829	159.830			6
2026.04.13	01:37:30.416	159.830	159.831			6
2026.04.13	01:37:31.617	159.833	159.834			6
2026.04.13	01:37:31.914	159.830	159.831			6
2026.04.13	01:37:32.818	159.831	159.832			6
2026.04.13	01:37:33.417	159.832	159.833			6
2026.04.13	01:37:34.319	159.830	159.831			6
2026.04.13	01:37:38.521	159.829	159.830			6
2026.04.13	01:37:38.824	159.830	159.831			6
2026.04.13	01:37:40.923	159.831	159.832			6
2026.04.13	01:37:41.830	159.832	159.833			6
2026.04.13	01:37:42.126	159.830	159.831			6
2026.04.13	01:37:43.628	159.829	159.830			6
2026.04.13	01:37:43.928	159.830	159.831			6
2026.04.13	01:37:45.129	159.829	159.830			6
2026.04.13	01:37:45.433	159.831	159.832			6
2026.04.13	01:37:45.732	159.830	159.831			6
2026.04.13	01:37:47.835	159.831	159.832			6
2026.04.13	01:37:48.132	159.830	159.831			6
2026.04.13	01:37:48.434	159.831	159.832			6
2026.04.13	01:37:49.332	159.830	159.831			6
2026.04.13	01:37:53.534	159.831	159.832			6
2026.04.13	01:37:55.338	159.829	159.830			6
2026.04.13	01:37:55.639	159.830	159.831			6
2026.04.13	01:37:56.237	159.829	159.830			6
2026.04.13	01:38:00.140	159.830	159.831			6
2026.04.13	01:38:01.343	159.829	159.830			6
2026.04.13	01:38:02.241	159.835	159.836			6
2026.04.13	01:38:02.540	159.838	159.839			6
2026.04.13	01:38:03.442	159.837	159.838			6
2026.04.13	01:38:04.347	159.838	159.839			6
2026.04.13	01:38:07.044	159.839	159.840			6
2026.04.13	01:38:09.146	159.840	159.841			6
2026.04.13	01:38:09.449	159.839	159.840			6
2026.04.13	01:38:12.150	159.840	159.841			6
2026.04.13	01:38:13.651	159.839	159.840			6
