<DATE>	<TIME>	<BID>	<ASK>	<LAST>	<VOLUME>	<FLAGS>
2026.01.23	00:03:30.866	158.365	158.452			6
2026.01.23	00:04:00.198	158.365				2
2026.01.23	00:04:31.001		158.452			4
2026.01.23	00:05:00.003	158.365				2
2026.01.23	00:05:02.193		158.459			4
2026.01.23	00:05:09.293		158.462			4
2026.01.23	00:05:23.800	158.379				2
2026.01.23	00:05:24.105	158.365	158.442			6
2026.01.23	00:05:24.531	158.379	158.462			6
2026.01.23	00:05:24.843	158.365	158.442			6
2026.01.23	00:05:25.199	158.379	158.462			6
2026.01.23	00:05:25.512	158.365	158.442			6
2026.01.23	00:05:25.850	158.379	158.462			6
2026.01.23	00:05:26.168	158.365	158.442			6
2026.01.23	00:05:27.897		158.463			4
2026.01.23	00:05:47.036		158.443			4
2026.01.23	00:05:47.965		158.444			4
2026.01.23	00:05:50.113		158.443			4
2026.01.23	00:05:51.971		158.444			4
2026.01.23	00:06:00.294	158.365	158.445			6
2026.01.23	00:06:14.186		158.427			4
2026.01.23	00:06:35.479		158.428			4
2026.01.23	00:06:39.498		158.426			4
2026.01.23	00:06:51.852	158.347				2
2026.01.23	00:07:00.192	158.347				2
2026.01.23	00:07:00.810		158.446			4
2026.01.23	00:07:01.736		158.448			4
2026.01.23	00:07:02.669		158.447			4
2026.01.23	00:08:00.152	158.347				2
2026.01.23	00:08:02.961		158.447			4
2026.01.23	00:08:24.941		158.446			4
2026.01.23	00:08:47.308		158.445			4
2026.01.23	00:08:51.663		158.442			4
2026.01.23	00:09:00.000	158.347				2
2026.01.23	00:09:36.798		158.444			4
2026.01.23	00:10:00.294	158.347				2
2026.01.23	00:10:10.206	158.336				2
2026.01.23	00:10:28.108	158.333	158.441			6
2026.01.23	00:10:40.781	158.334	158.442			6
2026.01.23	00:11:00.244	158.334				2
2026.01.23	00:11:05.180	158.347				2
2026.01.23	00:11:09.497	158.334				2
2026.01.23	00:11:10.427	158.347				2
2026.01.23	00:11:16.284		158.443			4
2026.01.23	00:11:18.445		158.442			4
2026.01.23	00:11:21.851	158.334				2
2026.01.23	00:11:22.775	158.347				2
2026.01.23	00:11:28.338	158.336	158.444			6
2026.01.23	00:11:29.264	158.347				2
2026.01.23	00:11:34.504	158.336				2
2026.01.23	00:11:35.433	158.347				2
2026.01.23	00:11:43.140		158.443			4
2026.01.23	00:11:51.782		158.442			4
2026.01.23	00:12:00.110	158.347				2
2026.01.23	00:12:07.519		158.444			4
2026.01.23	00:12:08.442		158.443			4
2026.01.23	00:12:12.153		158.444			4
2026.01.23	00:12:12.461		158.443			4
2026.01.23	00:12:37.518		158.442			4
2026.01.23	00:12:45.871		158.443			4
2026.01.23	00:12:47.417		158.442			4
2026.01.23	00:12:48.346		158.443			4
2026.01.23	00:13:00.103	158.347				2
2026.01.23	00:13:07.843		158.444			4
2026.01.23	00:13:32.937		158.443			4
2026.01.23	00:13:53.089		158.442			4
2026.01.23	00:14:00.208	158.347				2
2026.01.23	00:14:01.138	158.334				2
2026.01.23	00:14:02.058	158.344				2
2026.01.23	00:14:08.832		158.444			4
2026.01.23	00:14:21.864		158.443			4
2026.01.23	00:14:23.398		158.442			4
2026.01.23	00:14:45.029		158.441			4
2026.01.23	00:14:48.416		158.442			4
2026.01.23	00:14:54.283		158.441			4
2026.01.23	00:15:00.140	158.344	158.439			6
2026.01.23	00:15:01.994	158.346				2
2026.01.23	00:15:03.840		158.438			4
2026.01.23	00:15:04.152		158.439			4
2026.01.23	00:15:06.645		158.438			4
2026.01.23	00:15:08.190		158.440			4
2026.01.23	00:15:11.894		158.437			4
2026.01.23	00:15:12.507		158.439			4
2026.01.23	00:15:20.234		158.445			4
2026.01.23	00:15:23.017		158.446			4
2026.01.23	00:15:23.321		158.445			4
2026.01.23	00:15:23.933		158.446			4
2026.01.23	00:15:25.167		158.445			4
2026.01.23	00:15:32.271		158.448			4
2026.01.23	00:15:37.518		158.447			4
2026.01.23	00:15:38.137		158.448			4
2026.01.23	00:15:39.985		158.449			4
2026.01.23	00:15:45.865		158.450			4
2026.01.23	00:16:00.115	158.346				2
2026.01.23	00:16:03.192		158.451			4
2026.01.23	00:16:06.924	158.369	158.460			6
2026.01.23	00:16:07.231	158.373				2
2026.01.23	00:16:08.162	158.372				2
2026.01.23	00:16:08.470	158.366				2
2026.01.23	00:16:11.268	158.365	158.459			6
2026.01.23	00:16:12.196	158.363	158.457			6
2026.01.23	00:16:12.502	158.364	158.458			6
2026.01.23	00:16:13.736	158.365	158.459			6
2026.01.23	00:16:15.595	158.366	158.460			6
2026.01.23	00:16:16.827	158.367				2
2026.01.23	00:16:23.955		158.459			4
2026.01.23	00:16:25.196	158.368				2
2026.01.23	00:16:30.438	158.369				2
2026.01.23	00:16:32.298	158.368				2
2026.01.23	00:16:33.230	158.369				2
2026.01.23	00:16:36.639	158.370				2
2026.01.23	00:16:37.564	158.371				2
2026.01.23	00:16:38.187	158.370				2
2026.01.23	00:16:40.656	158.371				2
2026.01.23	00:16:43.745	158.370				2
2026.01.23	00:16:44.362	158.372				2
2026.01.23	00:16:45.287	158.373				2
2026.01.23	00:16:46.212	158.372				2
2026.01.23	00:16:48.372		158.458			4
2026.01.23	00:16:51.779	158.373				2
2026.01.23	00:16:52.402	158.372				2
2026.01.23	00:16:55.497	158.371				2
2026.01.23	00:17:00.133	158.371				2
2026.01.23	00:17:01.676	158.372				2
2026.01.23	00:17:08.166	158.367				2
2026.01.23	00:17:09.419	158.368				2
2026.01.23	00:17:10.652	158.367				2
2026.01.23	00:17:19.346	158.368	158.457			6
2026.01.23	00:17:19.659		158.458			4
2026.01.23	00:17:20.283	158.370	158.464			6
2026.01.23	00:17:23.062	158.371	158.465			6
2026.01.23	00:17:23.987	158.370	158.464			6
2026.01.23	00:17:25.841	158.373	158.466			6
2026.01.23	00:17:30.170	158.374				2
2026.01.23	00:17:36.640	158.375				2
2026.01.23	00:17:40.040	158.374				2
2026.01.23	00:17:42.509	158.375				2
2026.01.23	00:17:58.277		158.465			4
2026.01.23	00:18:00.130	158.375				2
2026.01.23	00:18:01.370	158.373				2
2026.01.23	00:18:02.299	158.374				2
2026.01.23	00:18:11.884	158.373				2
2026.01.23	00:18:17.469	158.374				2
2026.01.23	00:18:19.642	158.373				2
2026.01.23	00:18:19.949	158.374				2
2026.01.23	00:18:22.740	158.372	158.464			6
2026.01.23	00:18:23.052	158.373				2
2026.01.23	00:18:23.359	158.372	158.465			6
2026.01.23	00:18:23.982	158.367	158.461			6
2026.01.23	00:18:24.298	158.373	158.465			6
2026.01.23	00:18:26.471	158.374				2
2026.01.23	00:18:37.295	158.373				2
2026.01.23	00:18:40.092	158.374				2
2026.01.23	00:18:45.684	158.373				2
2026.01.23	00:18:47.253	158.374				2
2026.01.23	00:19:00.275	158.374				2
2026.01.23	00:19:05.834	158.372				2
2026.01.23	00:19:15.751	158.374				2
2026.01.23	00:19:21.931	158.375				2
2026.01.23	00:19:24.420		158.465			4
2026.01.23	00:19:30.296	158.371				2
2026.01.23	00:19:30.908	158.372				2
2026.01.23	00:19:42.966		158.464			4
2026.01.23	00:19:51.652	158.374	158.467			6
2026.01.23	00:19:51.964	158.370	158.464			6
2026.01.23	00:19:52.267	158.373				2
2026.01.23	00:19:52.576	158.372				2
2026.01.23	00:20:00.008	158.372				2
2026.01.23	00:20:00.628	158.368	158.462			6
2026.01.23	00:20:02.479	158.357				2
2026.01.23	00:20:02.796	158.363	158.461			6
2026.01.23	00:20:03.720	158.360				2
2026.01.23	00:20:04.036	158.368	158.462			6
2026.01.23	00:20:04.343	158.366	158.461			6
2026.01.23	00:20:04.971	158.367				2
2026.01.23	00:20:05.286		158.462			4
2026.01.23	00:20:05.908	158.368				2
2026.01.23	00:20:09.937	158.370	158.464			6
2026.01.23	00:20:16.121	158.369	158.463			6
2026.01.23	00:20:16.427	158.370	158.464			6
2026.01.23	00:20:17.671	158.362	158.462			6
2026.01.23	00:20:26.014	158.367	158.461			6
2026.01.23	00:20:26.323	158.368	158.462			6
2026.01.23	00:20:36.845	158.369	158.463			6
2026.01.23	00:20:39.631	158.363	158.462			6
2026.01.23	00:20:40.559	158.368				2
2026.01.23	00:20:40.866	158.370	158.464			6
2026.01.23	00:20:55.762	158.369	158.463			6
2026.01.23	00:21:00.100	158.369				2
2026.01.23	00:21:05.998	158.370	158.464			6
2026.01.23	00:21:15.883	158.369	158.463			6
2026.01.23	00:21:17.738	158.370	158.464			6
2026.01.23	00:21:52.945		158.433			4
2026.01.23	00:21:53.252		158.464			4
2026.01.23	00:21:53.561		158.433			4
2026.01.23	00:21:53.867		158.464			4
2026.01.23	00:21:54.176		158.433			4
2026.01.23	00:21:54.490		158.464			4
2026.01.23	00:21:54.797		158.433			4
2026.01.23	00:21:55.104		158.464			4
2026.01.23	00:21:55.413		158.433			4
2026.01.23	00:21:55.720		158.464			4
2026.01.23	00:21:56.032		158.433			4
2026.01.23	00:21:56.340		158.464			4
2026.01.23	00:22:00.053	158.370				2
2026.01.23	00:22:03.146	158.365	158.461			6
2026.01.23	00:22:04.998	158.368	158.462			6
2026.01.23	00:22:07.164	158.369	158.463			6
2026.01.23	00:22:09.016	158.370	158.464			6
2026.01.23	00:22:13.342	158.369	158.463			6
2026.01.23	00:22:14.584	158.370	158.464			6
2026.01.23	00:22:17.998	158.369	158.463			6
2026.01.23	00:22:25.101	158.370	158.464			6
2026.01.23	00:22:26.026	158.368	158.462			6
2026.01.23	00:22:32.197	158.369	158.463			6
2026.01.23	00:22:35.903	158.367	158.461			6
2026.01.23	00:22:38.381	158.369				2
2026.01.23	00:22:41.778	158.368				2
2026.01.23	00:22:46.101	158.366	158.460			6
2026.01.23	00:22:55.997	158.367				2
2026.01.23	00:22:57.531	158.368				2
2026.01.23	00:23:00.007	158.368				2
2026.01.23	00:23:03.103	158.363	158.457			6
2026.01.23	00:23:05.583	158.364	158.458			6
2026.01.23	00:23:07.754	158.366	158.460			6
2026.01.23	00:23:24.127	158.365	158.451			6
2026.01.23	00:23:28.146	158.362				2
2026.01.23	00:23:30.919	158.364				2
2026.01.23	00:23:31.227	158.363				2
2026.01.23	00:23:38.329	158.356	158.447			6
2026.01.23	00:23:39.883	158.355				2
2026.01.23	00:23:44.842	158.356				2
2026.01.23	00:23:52.558	158.363				2
2026.01.23	00:24:00.285	158.363				2
2026.01.23	00:24:00.598		158.448			4
2026.01.23	00:24:01.213	158.362				2
2026.01.23	00:24:03.069	158.356				2
2026.01.23	00:24:11.116	158.355				2
2026.01.23	00:24:30.551	158.354				2
2026.01.23	00:24:35.491	158.355				2
2026.01.23	00:24:43.513	158.359				2
2026.01.23	00:24:47.837	158.358				2
2026.01.23	00:24:59.889	158.347	158.424			6
2026.01.23	00:25:00.208	158.347				2
2026.01.23	00:25:48.502		158.423			4
2026.01.23	00:26:00.020	158.347				2
2026.01.23	00:26:30.390		158.422			4
2026.01.23	00:27:00.019	158.347				2
2026.01.23	00:27:20.475		158.421			4
2026.01.23	00:28:00.475	158.347				2
2026.01.23	00:28:22.493		158.421			4
2026.01.23	00:28:30.477		158.420			4
2026.01.23	00:29:02.092	158.347				2
2026.01.23	00:29:30.891		158.420			4
2026.01.23	00:29:41.989		158.419			4
2026.01.23	00:30:00.376	158.355				2
2026.01.23	00:30:19.251		158.420			4
2026.01.23	00:30:20.474		158.419			4
2026.01.23	00:30:27.277	158.336				2
2026.01.23	00:30:27.896	158.355				2
2026.01.23	00:30:33.295	158.335				2
2026.01.23	00:30:33.907	158.355				2
2026.01.23	00:30:49.045		158.418			4
2026.01.23	00:31:00.176	158.355				2
2026.01.23	00:31:08.902		158.415			4
2026.01.23	00:31:09.276		158.414			4
2026.01.23	00:31:30.033	158.338				2
2026.01.23	00:31:30.657	158.355				2
2026.01.23	00:32:00.404	158.355				2
2026.01.23	00:32:10.080		158.414			4
2026.01.23	00:32:13.921		158.413			4
2026.01.23	00:32:16.440	158.351				2
2026.01.23	00:32:21.101		158.414			4
2026.01.23	00:32:34.668		158.415			4
2026.01.23	00:33:00.000	158.351				2
2026.01.23	00:33:35.339		158.415			4
2026.01.23	00:33:44.941	158.350				2
2026.01.23	00:34:01.328	158.350				2
2026.01.23	00:34:32.038	158.351				2
2026.01.23	00:34:34.837		158.414			4
2026.01.23	00:34:42.210	158.350				2
2026.01.23	00:34:47.327		158.416			4
2026.01.23	00:35:00.476	158.350				2
2026.01.23	00:35:10.945		158.415			4
2026.01.23	00:35:13.701		158.413			4
2026.01.23	00:35:21.190		158.416			4
2026.01.23	00:35:26.565	158.347				2
2026.01.23	00:35:38.588	158.350				2
2026.01.23	00:35:39.330	158.351				2
2026.01.23	00:35:48.742		158.417			4
2026.01.23	00:35:54.589		158.416			4
2026.01.23	00:35:58.065		158.417			4
2026.01.23	00:36:01.794	158.351				2
2026.01.23	00:36:25.156	158.350				2
2026.01.23	00:36:46.741		158.414			4
2026.01.23	00:36:52.172	158.348				2
2026.01.23	00:36:58.147		158.417			4
2026.01.23	00:37:00.476	158.348				2
2026.01.23	00:37:07.774	158.347				2
2026.01.23	00:37:59.439		158.417			4
2026.01.23	00:38:03.291	158.347				2
2026.01.23	00:38:11.057	158.348				2
2026.01.23	00:39:00.859	158.348	158.417			6
2026.01.23	00:40:01.141	158.348	158.417			6
2026.01.23	00:40:04.326	158.349				2
2026.01.23	00:40:05.308	158.348				2
2026.01.23	00:40:06.955	158.349				2
2026.01.23	00:40:07.286	158.348				2
2026.01.23	00:40:32.305		158.416			4
2026.01.23	00:41:00.475	158.348				2
2026.01.23	00:41:04.486	158.343				2
2026.01.23	00:41:16.794	158.348				2
2026.01.23	00:41:33.894		158.416			4
2026.01.23	00:42:00.184	158.348				2
2026.01.23	00:42:33.916		158.416			4
2026.01.23	00:43:00.183	158.348				2
2026.01.23	00:43:11.683		158.420			4
2026.01.23	00:44:00.149	158.348	158.416			6
2026.01.23	00:44:00.458		158.415			4
2026.01.23	00:44:03.069		158.416			4
2026.01.23	00:44:52.742		158.419			4
2026.01.23	00:45:00.398	158.348				2
2026.01.23	00:45:03.305	158.340	158.434			6
2026.01.23	00:45:06.700	158.349	158.420			6
2026.01.23	00:45:07.087	158.348	158.419			6
2026.01.23	00:45:13.944	158.362	158.405			6
2026.01.23	00:45:42.302		158.404			4
2026.01.23	00:45:55.544	158.376	158.411			6
2026.01.23	00:45:56.671		158.412			4
2026.01.23	00:45:56.977		158.413			4
2026.01.23	00:46:00.057	158.376	158.414			6
2026.01.23	00:46:00.880		158.415			4
2026.01.23	00:46:02.697		158.412			4
2026.01.23	00:46:03.886		158.413			4
2026.01.23	00:46:10.092		158.414			4
2026.01.23	00:46:11.818		158.412			4
2026.01.23	00:46:15.057		158.413			4
2026.01.23	00:46:18.502		158.414			4
2026.01.23	00:46:21.104		158.411			4
2026.01.23	00:46:21.605		158.409			4
2026.01.23	00:46:22.883		158.410			4
2026.01.23	00:46:29.253		158.414			4
2026.01.23	00:46:30.267		158.413			4
2026.01.23	00:46:32.958		158.412			4
2026.01.23	00:46:35.009		158.413			4
2026.01.23	00:46:35.317		158.409			4
2026.01.23	00:46:39.815		158.413			4
2026.01.23	00:46:42.690	158.366	158.414			6
2026.01.23	00:46:45.167	158.365				2
2026.01.23	00:46:46.091	158.364				2
2026.01.23	00:46:46.397	158.365	158.413			6
2026.01.23	00:46:46.705	158.366	158.414			6
2026.01.23	00:46:47.939		158.415			4
2026.01.23	00:46:50.711	158.367				2
2026.01.23	00:46:54.733	158.376				2
2026.01.23	00:46:59.899		158.416			4
2026.01.23	00:47:00.476	158.376				2
2026.01.23	00:47:01.252		158.417			4
2026.01.23	00:47:02.962		158.416			4
2026.01.23	00:47:03.310	158.368	158.434			6
2026.01.23	00:47:05.169	158.366	158.432			6
2026.01.23	00:47:06.728	158.377	158.417			6
2026.01.23	00:47:07.040	158.376	158.416			6
2026.01.23	00:47:20.313		158.415			4
2026.01.23	00:47:31.281		158.416			4
2026.01.23	00:47:32.890		158.415			4
2026.01.23	00:47:36.205		158.416			4
2026.01.23	00:47:38.623		158.413			4
2026.01.23	00:47:39.630		158.417			4
2026.01.23	00:47:40.649		158.415			4
2026.01.23	00:47:42.049	158.378	158.419			6
2026.01.23	00:47:44.399		158.420			4
2026.01.23	00:47:44.893		158.421			4
2026.01.23	00:47:46.427		158.422			4
2026.01.23	00:47:49.746		158.421			4
2026.01.23	00:47:56.890		158.422			4
2026.01.23	00:48:01.415	158.378				2
2026.01.23	00:48:07.438		158.421			4
2026.01.23	00:48:10.723		158.420			4
2026.01.23	00:48:11.719		158.424			4
2026.01.23	00:48:12.898		158.419			4
2026.01.23	00:48:13.899		158.420			4
2026.01.23	00:48:21.726		158.419			4
2026.01.23	00:48:26.393		158.420			4
2026.01.23	00:48:28.279		158.421			4
2026.01.23	00:48:30.104		158.420			4
2026.01.23	00:48:38.979		158.421			4
2026.01.23	00:48:39.894		158.420			4
2026.01.23	00:48:40.475		158.425			4
2026.01.23	00:48:40.784		158.424			4
2026.01.23	00:48:41.095		158.423			4
2026.01.23	00:48:41.734		158.420			4
2026.01.23	00:48:55.119	158.369				2
2026.01.23	00:48:56.040		158.419			4
2026.01.23	00:48:56.346		158.423			4
2026.01.23	00:48:56.657		158.420			4
2026.01.23	00:49:00.042	158.369				2
2026.01.23	00:49:06.536	158.370				2
2026.01.23	00:49:06.852	158.368				2
2026.01.23	00:49:09.022	158.369				2
2026.01.23	00:49:11.489	158.370	158.418			6
2026.01.23	00:49:12.105	158.368				2
2026.01.23	00:49:12.727	158.370				2
2026.01.23	00:49:13.035	158.371	158.419			6
2026.01.23	00:49:13.342	158.370				2
2026.01.23	00:49:14.582		158.420			4
2026.01.23	00:49:21.666		158.419			4
2026.01.23	00:49:24.138	158.371				2
2026.01.23	00:49:26.296		158.420			4
2026.01.23	00:49:26.599		158.423			4
2026.01.23	00:49:26.908	158.372				2
2026.01.23	00:49:27.840	158.386	158.426			6
2026.01.23	00:49:29.467		158.427			4
2026.01.23	00:49:54.614		158.429			4
2026.01.23	00:49:57.249		158.427			4
2026.01.23	00:49:59.469		158.426			4
2026.01.23	00:50:00.305	158.386				2
2026.01.23	00:50:03.381		158.425			4
2026.01.23	00:50:06.290		158.426			4
2026.01.23	00:50:09.828		158.427			4
2026.01.23	00:50:14.471		158.426			4
2026.01.23	00:50:24.640		158.427			4
2026.01.23	00:50:26.989		158.428			4
2026.01.23	00:50:29.091		158.427			4
2026.01.23	00:50:39.291		158.426			4
2026.01.23	00:50:39.855		158.428			4
2026.01.23	00:50:40.870		158.430			4
2026.01.23	00:50:41.900		158.428			4
2026.01.23	00:50:44.471		158.427			4
2026.01.23	00:50:57.908		158.426			4
2026.01.23	00:50:58.902		158.427			4
2026.01.23	00:51:00.294	158.386				2
2026.01.23	00:51:09.291		158.428			4
2026.01.23	00:51:11.723		158.425			4
2026.01.23	00:51:13.806		158.427			4
2026.01.23	00:51:20.122		158.428			4
2026.01.23	00:51:21.899		158.425			4
2026.01.23	00:51:22.903		158.427			4
2026.01.23	00:51:27.891	158.380				2
2026.01.23	00:51:29.470		158.425			4
2026.01.23	00:51:31.584		158.427			4
2026.01.23	00:51:32.902		158.426			4
2026.01.23	00:51:36.892		158.427			4
2026.01.23	00:51:39.508		158.428			4
2026.01.23	00:51:41.991		158.427			4
2026.01.23	00:51:54.725		158.428			4
2026.01.23	00:51:59.391		158.427			4
2026.01.23	00:52:00.476	158.380				2
2026.01.23	00:52:09.893		158.424			4
2026.01.23	00:52:10.968		158.426			4
2026.01.23	00:52:11.904		158.428			4
2026.01.23	00:52:13.222		158.427			4
2026.01.23	00:52:14.471		158.426			4
2026.01.23	00:52:20.892	158.378				2
2026.01.23	00:52:24.672	158.377	158.427			6
2026.01.23	00:52:29.309		158.426			4
2026.01.23	00:52:33.021	158.388				2
2026.01.23	00:52:38.718		158.423			4
2026.01.23	00:52:39.026		158.425			4
2026.01.23	00:52:39.908		158.427			4
2026.01.23	00:52:41.298		158.425			4
2026.01.23	00:52:44.471		158.426			4
2026.01.23	00:52:48.453		158.427			4
2026.01.23	00:52:48.910		158.428			4
2026.01.23	00:52:53.392		158.427			4
2026.01.23	00:53:00.475	158.388				2
2026.01.23	00:53:00.892		158.429			4
2026.01.23	00:53:01.911		158.430			4
2026.01.23	00:53:02.693		158.427			4
2026.01.23	00:53:09.202		158.426			4
2026.01.23	00:53:09.914		158.425			4
2026.01.23	00:53:11.791		158.426			4
2026.01.23	00:53:19.556		158.425			4
2026.01.23	00:53:24.806		158.426			4
2026.01.23	00:53:25.918		158.425			4
2026.01.23	00:53:27.983	158.377				2
2026.01.23	00:53:28.734	158.388				2
2026.01.23	00:53:46.388		158.422			4
2026.01.23	00:54:00.591	158.388				2
2026.01.23	00:54:00.927		158.423			4
2026.01.23	00:54:01.271		158.421			4
2026.01.23	00:54:14.198	158.382				2
2026.01.23	00:54:14.563	158.383				2
2026.01.23	00:54:14.949	158.388				2
2026.01.23	00:54:29.470		158.439			4
2026.01.23	00:54:30.689		158.434			4
2026.01.23	00:54:31.751		158.432			4
2026.01.23	00:54:32.755		158.434			4
2026.01.23	00:54:33.342	158.394				2
2026.01.23	00:54:33.761		158.436			4
2026.01.23	00:54:34.348		158.442			4
2026.01.23	00:54:35.057		158.439			4
2026.01.23	00:54:54.915		158.438			4
2026.01.23	00:55:00.313	158.394				2
2026.01.23	00:55:02.446		158.440			4
2026.01.23	00:55:08.313		158.441			4
2026.01.23	00:55:09.235		158.442			4
2026.01.23	00:55:14.741	158.395	158.437			6
2026.01.23	00:55:47.286	158.398	158.440			6
2026.01.23	00:55:52.624		158.441			4
2026.01.23	00:56:00.478	158.398				2
2026.01.23	00:56:56.098		158.441			4
2026.01.23	00:56:56.633	158.370	158.443			6
2026.01.23	00:56:57.245	158.398	158.441			6
2026.01.23	00:57:01.790	158.398				2
2026.01.23	00:57:03.650	158.399				2
2026.01.23	00:57:04.087	158.398	158.414			6
2026.01.23	00:57:05.177	158.399	158.441			6
2026.01.23	00:57:05.990	158.398	158.414			6
2026.01.23	00:57:06.495	158.399	158.441			6
2026.01.23	00:57:06.800	158.398	158.414			6
2026.01.23	00:57:07.151	158.399	158.441			6
2026.01.23	00:57:07.584	158.398				2
2026.01.23	00:57:58.927	158.388				2
2026.01.23	00:58:01.492	158.388				2
2026.01.23	00:58:12.595		158.441			4
2026.01.23	00:58:57.638		158.444			4
2026.01.23	00:58:59.077	158.389				2
2026.01.23	00:59:01.416	158.389				2
2026.01.23	00:59:07.937		158.447			4
2026.01.23	00:59:14.776		158.445			4
2026.01.23	00:59:15.392		158.446			4
2026.01.23	00:59:17.242		158.445			4
2026.01.23	00:59:47.880		158.447			4
2026.01.23	00:59:56.364		158.446			4
2026.01.23	00:59:57.597		158.447			4
2026.01.23	00:59:59.081	158.390				2
2026.01.23	01:00:00.291	158.385	158.436			6
2026.01.23	01:00:03.695	158.364	158.448			6
2026.01.23	01:00:04.008	158.365	158.446			6
2026.01.23	01:00:04.319	158.362	158.447			6
2026.01.23	01:00:04.627	158.368	158.450			6
2026.01.23	01:00:05.247	158.370	158.451			6
2026.01.23	01:00:05.551	158.365				2
2026.01.23	01:00:05.871	158.370				2
2026.01.23	01:00:06.191		158.450			4
2026.01.23	01:00:07.117	158.385	158.436			6
2026.01.23	01:00:12.556	158.378	158.432			6
2026.01.23	01:00:19.490		158.425			4
2026.01.23	01:00:19.798		158.423			4
2026.01.23	01:00:20.204		158.432			4
2026.01.23	01:00:20.537		158.428			4
2026.01.23	01:00:21.216		158.426			4
2026.01.23	01:00:21.858		158.423			4
2026.01.23	01:00:23.694		158.424			4
2026.01.23	01:00:25.226		158.430			4
2026.01.23	01:00:26.783	158.380	158.429			6
2026.01.23	01:00:28.052	158.381	158.388			6
2026.01.23	01:00:28.380	158.376	158.384			6
2026.01.23	01:00:28.682	158.378	158.386			6
2026.01.23	01:00:28.991	158.377	158.385			6
2026.01.23	01:00:29.292	158.375	158.388			6
2026.01.23	01:00:29.594	158.371	158.384			6
2026.01.23	01:00:30.206	158.370	158.382			6
2026.01.23	01:00:31.129		158.387			4
2026.01.23	01:00:31.799		158.383			4
2026.01.23	01:00:33.031		158.382			4
2026.01.23	01:00:33.339		158.389			4
2026.01.23	01:00:34.058		158.388			4
2026.01.23	01:00:38.118	158.376	158.385			6
2026.01.23	01:00:38.427	158.375	158.384			6
2026.01.23	01:00:39.348		158.385			4
2026.01.23	01:00:39.653	158.376	158.386			6
2026.01.23	01:00:40.272	158.379	158.384			6
2026.01.23	01:00:40.885	158.378	158.383			6
2026.01.23	01:00:41.192	158.379				2
2026.01.23	01:00:41.499	158.378	158.382			6
2026.01.23	01:00:43.335	158.379				2
2026.01.23	01:00:45.172		158.381			4
2026.01.23	01:00:45.481	158.378	158.380			6
2026.01.23	01:00:47.341	158.380	158.381			6
2026.01.23	01:00:47.954	158.381	158.382			6
2026.01.23	01:00:48.565	158.380	158.381			6
2026.01.23	01:00:49.180	158.381	158.382			6
2026.01.23	01:00:51.325	158.382	158.383			6
2026.01.23	01:00:52.239	158.381	158.382			6
2026.01.23	01:00:53.159	158.380	158.381			6
2026.01.23	01:00:53.473	158.385	158.386			6
2026.01.23	01:00:53.785	158.387	158.388			6
2026.01.23	01:00:55.322	158.386	158.387			6
2026.01.23	01:00:55.627	158.388	158.389			6
2026.01.23	01:00:56.541	158.387	158.388			6
2026.01.23	01:00:57.475	158.386	158.387			6
2026.01.23	01:00:58.398	158.385	158.386			6
2026.01.23	01:01:00.249	158.385				2
2026.01.23	01:01:00.562	158.384	158.385			6
2026.01.23	01:01:00.873	158.385	158.386			6
2026.01.23	01:01:01.492	158.383	158.384			6
2026.01.23	01:01:04.558	158.380	158.381			6
2026.01.23	01:01:05.171	158.379	158.380			6
2026.01.23	01:01:06.401	158.380	158.381			6
2026.01.23	01:01:09.163	158.379	158.380			6
2026.01.23	01:01:10.706	158.380	158.381			6
2026.01.23	01:01:11.626	158.379	158.380			6
2026.01.23	01:01:11.940	158.380	158.381			6
2026.01.23	01:01:12.549	158.379	158.380			6
2026.01.23	01:01:15.298	158.380	158.381			6
2026.01.23	01:01:15.916	158.379	158.380			6
2026.01.23	01:01:18.053	158.380	158.381			6
2026.01.23	01:01:20.201	158.379	158.380			6
2026.01.23	01:01:20.508	158.380	158.381			6
2026.01.23	01:01:25.716	158.383	158.384			6
2026.01.23	01:01:27.568	158.384	158.385			6
2026.01.23	01:01:27.870	158.383	158.384			6
2026.01.23	01:01:30.948	158.382	158.383			6
2026.01.23	01:01:31.872	158.381	158.382			6
2026.01.23	01:01:34.323	158.380	158.381			6
2026.01.23	01:01:35.553	158.381	158.382			6
2026.01.23	01:01:37.394	158.379	158.380			6
2026.01.23	01:01:39.533	158.373	158.374			6
2026.01.23	01:01:39.838	158.371	158.372			6
2026.01.23	01:01:45.699	158.370	158.371			6
2026.01.23	01:01:50.312	158.368	158.369			6
2026.01.23	01:01:50.622	158.370	158.371			6
2026.01.23	01:01:54.317	158.371	158.372			6
2026.01.23	01:01:55.228	158.372	158.373			6
2026.01.23	01:01:55.535	158.371	158.372			6
2026.01.23	01:01:56.450	158.380	158.381			6
2026.01.23	01:01:57.362	158.377	158.382			6
2026.01.23	01:01:58.884	158.378				2
2026.01.23	01:01:59.198	158.377	158.381			6
2026.01.23	01:02:00.119	158.377				2
2026.01.23	01:02:00.739	158.378				2
2026.01.23	01:02:01.040		158.380			4
2026.01.23	01:02:01.345	158.379				2
2026.01.23	01:02:02.265	158.378				2
2026.01.23	01:02:03.190		158.381			4
2026.01.23	01:02:03.500	158.379				2
2026.01.23	01:02:06.275	158.380				2
2026.01.23	01:02:13.938	158.379	158.380			6
2026.01.23	01:02:14.558	158.380	158.381			6
2026.01.23	01:02:19.798	158.381	158.382			6
2026.01.23	01:02:25.621	158.382	158.383			6
2026.01.23	01:02:26.241	158.381	158.382			6
2026.01.23	01:02:27.770	158.382	158.383			6
2026.01.23	01:02:28.394	158.381	158.382			6
2026.01.23	01:02:29.930	158.382	158.383			6
2026.01.23	01:02:33.000	158.383	158.384			6
2026.01.23	01:02:33.616	158.385	158.386			6
2026.01.23	01:02:33.919	158.384	158.385			6
2026.01.23	01:02:42.547	158.385	158.386			6
2026.01.23	01:02:42.850	158.387	158.388			6
2026.01.23	01:02:43.152	158.386	158.387			6
2026.01.23	01:02:46.842	158.387	158.388			6
2026.01.23	01:02:48.076	158.386	158.387			6
2026.01.23	01:02:51.139	158.385	158.386			6
2026.01.23	01:02:54.510	158.386	158.387			6
2026.01.23	01:02:56.361	158.385	158.386			6
2026.01.23	01:02:56.982	158.387	158.388			6
2026.01.23	01:02:59.129	158.386	158.387			6
2026.01.23	01:03:00.064	158.386				2
2026.01.23	01:03:00.367	158.384	158.385			6
2026.01.23	01:03:00.681	158.381				2
2026.01.23	01:03:00.985	158.380	158.384			6
2026.01.23	01:03:01.916	158.379	158.383			6
2026.01.23	01:03:02.530	158.382				2
2026.01.23	01:03:06.527	158.381	158.382			6
2026.01.23	01:03:07.140	158.382	158.383			6
2026.01.23	01:03:26.204	158.381	158.382			6
2026.01.23	01:03:26.511	158.382	158.383			6
2026.01.23	01:03:30.474	158.381	158.382			6
2026.01.23	01:03:35.069	158.382	158.383			6
2026.01.23	01:03:38.744	158.381	158.382			6
2026.01.23	01:03:39.360	158.382	158.383			6
2026.01.23	01:03:47.654	158.383	158.384			6
2026.01.23	01:03:51.658	158.386	158.387			6
2026.01.23	01:03:52.888	158.387	158.388			6
2026.01.23	01:03:56.875	158.388	158.389			6
2026.01.23	01:04:00.257	158.388				2
2026.01.23	01:04:03.313	158.387	158.388			6
2026.01.23	01:04:03.933	158.388	158.389			6
2026.01.23	01:04:05.164	158.387	158.388			6
2026.01.23	01:04:06.092	158.388	158.389			6
2026.01.23	01:04:11.000	158.387	158.388			6
2026.01.23	01:04:11.924	158.388	158.389			6
2026.01.23	01:04:14.373	158.387	158.388			6
2026.01.23	01:04:14.679	158.388	158.389			6
2026.01.23	01:04:18.367	158.389	158.390			6
2026.01.23	01:04:19.290	158.388	158.389			6
2026.01.23	01:04:19.599	158.385	158.386			6
2026.01.23	01:04:20.215	158.384	158.385			6
2026.01.23	01:04:21.141	158.382	158.388			6
2026.01.23	01:04:23.350	158.383				2
2026.01.23	01:04:25.209	158.382	158.387			6
2026.01.23	01:04:25.517	158.383	158.388			6
2026.01.23	01:04:27.380		158.387			4
2026.01.23	01:04:29.245	158.384				2
2026.01.23	01:04:30.173		158.386			4
2026.01.23	01:04:32.321	158.385				2
2026.01.23	01:04:40.925	158.384	158.385			6
2026.01.23	01:04:47.368	158.385	158.386			6
2026.01.23	01:04:49.513	158.384	158.385			6
2026.01.23	01:04:49.825	158.385	158.386			6
2026.01.23	01:04:58.125	158.384	158.385			6
2026.01.23	01:05:00.279	158.384				2
2026.01.23	01:05:00.582	158.385	158.386			6
2026.01.23	01:05:01.807	158.386	158.387			6
2026.01.23	01:05:02.116	158.385	158.386			6
2026.01.23	01:05:03.633	158.386	158.387			6
2026.01.23	01:05:10.705	158.387	158.388			6
2026.01.23	01:05:13.161	158.385	158.387			6
2026.01.23	01:05:15.339	158.386				2
2026.01.23	01:05:16.259	158.387	158.388			6
2026.01.23	01:05:18.708	158.386	158.387			6
2026.01.23	01:05:21.782	158.394	158.395			6
2026.01.23	01:05:22.088	158.393	158.394			6
2026.01.23	01:05:23.008	158.394	158.395			6
2026.01.23	01:05:23.315	158.390	158.397			6
2026.01.23	01:05:27.238	158.389				2
2026.01.23	01:05:29.093	158.390				2
2026.01.23	01:05:30.347	158.391				2
2026.01.23	01:05:31.894	158.390				2
2026.01.23	01:05:32.200	158.391				2
2026.01.23	01:05:32.507	158.392				2
2026.01.23	01:05:32.824		158.398			4
2026.01.23	01:05:34.975	158.393	158.399			6
2026.01.23	01:05:35.291		158.398			4
2026.01.23	01:05:37.141		158.397			4
2026.01.23	01:05:38.688	158.394	158.398			6
2026.01.23	01:05:39.308		158.397			4
2026.01.23	01:05:41.177		158.396			4
2026.01.23	01:05:41.482	158.395	158.397			6
2026.01.23	01:05:42.096		158.396			4
2026.01.23	01:05:45.771	158.396	158.397			6
2026.01.23	01:05:47.303	158.395				2
2026.01.23	01:05:49.135	158.396				2
2026.01.23	01:05:52.226	158.397	158.398			6
2026.01.23	01:05:52.538	158.396	158.397			6
2026.01.23	01:05:55.626	158.397	158.398			6
2026.01.23	01:05:56.852	158.396	158.397			6
2026.01.23	01:05:59.606	158.397	158.398			6
2026.01.23	01:06:00.214	158.396	158.397			6
2026.01.23	01:06:00.521	158.397	158.398			6
2026.01.23	01:06:01.145	158.396	158.397			6
2026.01.23	01:06:03.615	158.397	158.398			6
2026.01.23	01:06:12.221	158.396	158.397			6
2026.01.23	01:06:16.193	158.397	158.398			6
2026.01.23	01:06:21.705	158.396	158.397			6
2026.01.23	01:06:23.237	158.392	158.401			6
2026.01.23	01:06:26.331		158.400			4
2026.01.23	01:06:27.263	158.393				2
2026.01.23	01:06:30.371		158.399			4
2026.01.23	01:06:31.911	158.394	158.400			6
2026.01.23	01:06:32.222	158.392	158.397			6
2026.01.23	01:06:33.147		158.396			4
2026.01.23	01:06:34.374	158.393				2
2026.01.23	01:06:35.309		158.395			4
2026.01.23	01:06:36.229	158.394				2
2026.01.23	01:06:40.816	158.393	158.394			6
2026.01.23	01:06:41.437	158.394	158.395			6
2026.01.23	01:06:42.965	158.397	158.398			6
2026.01.23	01:06:43.272	158.393	158.394			6
2026.01.23	01:06:49.404	158.390	158.391			6
2026.01.23	01:06:49.709	158.388	158.389			6
2026.01.23	01:06:50.326		158.393			4
2026.01.23	01:06:54.684		158.394			4
2026.01.23	01:06:55.303	158.391	158.397			6
2026.01.23	01:06:56.230		158.398			4
2026.01.23	01:06:58.726	158.387	158.394			6
2026.01.23	01:07:00.284	158.391	158.397			6
2026.01.23	01:07:00.587		158.398			4
2026.01.23	01:07:03.377		158.397			4
2026.01.23	01:07:06.155		158.396			4
2026.01.23	01:07:09.267		158.395			4
2026.01.23	01:07:10.832	158.392	158.396			6
2026.01.23	01:07:11.139		158.395			4
2026.01.23	01:07:12.369	158.393				2
2026.01.23	01:07:14.194		158.394			4
2026.01.23	01:07:16.960	158.396	158.397			6
2026.01.23	01:07:17.571	158.398	158.399			6
2026.01.23	01:07:18.797	158.412	158.413			6
2026.01.23	01:07:19.408		158.417			4
2026.01.23	01:07:20.018	158.403	158.412			6
2026.01.23	01:07:24.351		158.411			4
2026.01.23	01:07:25.280	158.404				2
2026.01.23	01:07:27.142		158.410			4
2026.01.23	01:07:28.390	158.405				2
2026.01.23	01:07:30.258		158.409			4
2026.01.23	01:07:31.189	158.399	158.402			6
2026.01.23	01:07:31.806	158.398	158.401			6
2026.01.23	01:07:32.116	158.397	158.403			6
2026.01.23	01:07:33.347	158.398				2
2026.01.23	01:07:33.651	158.397	158.402			6
2026.01.23	01:07:34.896	158.396	158.401			6
2026.01.23	01:07:35.215	158.397				2
2026.01.23	01:07:36.144	158.396	158.400			6
2026.01.23	01:07:37.392		158.399			4
2026.01.23	01:07:37.695	158.397	158.400			6
2026.01.23	01:07:38.300	158.398				2
2026.01.23	01:07:39.225	158.396	158.398			6
2026.01.23	01:07:39.531	158.398	158.400			6
2026.01.23	01:07:40.150		158.399			4
2026.01.23	01:07:43.230	158.399	158.400			6
2026.01.23	01:07:47.532	158.400	158.401			6
2026.01.23	01:07:48.150	158.397	158.398			6
2026.01.23	01:07:49.063	158.399	158.400			6
2026.01.23	01:07:49.371	158.398	158.399			6
2026.01.23	01:07:49.989	158.399	158.400			6
2026.01.23	01:07:50.904	158.398	158.399			6
2026.01.23	01:07:55.493	158.399	158.400			6
2026.01.23	01:07:55.800	158.398	158.399			6
2026.01.23	01:07:56.407	158.407	158.408			6
2026.01.23	01:07:57.325	158.403	158.409			6
2026.01.23	01:07:58.251	158.404				2
2026.01.23	01:07:59.173		158.408			4
2026.01.23	01:08:00.101	158.405	158.409			6
2026.01.23	01:08:01.361		158.408			4
2026.01.23	01:08:02.294	158.406				2
2026.01.23	01:08:03.208		158.407			4
2026.01.23	01:08:03.822	158.407	158.408			6
2026.01.23	01:08:05.353	158.406	158.407			6
2026.01.23	01:08:05.663	158.407	158.408			6
2026.01.23	01:08:05.967	158.406	158.407			6
2026.01.23	01:08:07.484	158.405	158.406			6
2026.01.23	01:08:08.408	158.402	158.403			6
2026.01.23	01:08:09.329	158.400	158.402			6
2026.01.23	01:08:09.934	158.397	158.399			6
2026.01.23	01:08:10.246	158.398				2
2026.01.23	01:08:10.555	158.397	158.398			6
2026.01.23	01:08:13.642	158.398	158.399			6
2026.01.23	01:08:14.257	158.395	158.396			6
2026.01.23	01:08:14.570	158.394	158.395			6
2026.01.23	01:08:18.261	158.393	158.394			6
2026.01.23	01:08:20.411	158.394	158.395			6
2026.01.23	01:08:21.344	158.382	158.383			6
2026.01.23	01:08:21.652	158.383	158.384			6
2026.01.23	01:08:21.956	158.382	158.383			6
2026.01.23	01:08:22.261	158.378	158.387			6
2026.01.23	01:08:24.128		158.386			4
2026.01.23	01:08:25.973	158.379	158.387			6
2026.01.23	01:08:26.288		158.386			4
2026.01.23	01:08:27.215		158.385			4
2026.01.23	01:08:28.144	158.380				2
2026.01.23	01:08:29.377		158.384			4
2026.01.23	01:08:30.300	158.381				2
2026.01.23	01:08:31.234		158.383			4
2026.01.23	01:08:32.164	158.383	158.384			6
2026.01.23	01:08:34.620	158.382	158.383			6
2026.01.23	01:08:35.233	158.383	158.384			6
2026.01.23	01:08:36.768	158.382	158.383			6
2026.01.23	01:08:37.688	158.383	158.384			6
2026.01.23	01:08:37.996	158.382	158.383			6
2026.01.23	01:08:39.226	158.383	158.384			6
2026.01.23	01:08:39.536	158.380	158.381			6
2026.01.23	01:08:39.840	158.378	158.379			6
2026.01.23	01:08:40.763	158.376	158.377			6
2026.01.23	01:08:41.071	158.375	158.376			6
2026.01.23	01:08:42.305	158.376	158.377			6
2026.01.23	01:08:47.531	158.384	158.385			6
2026.01.23	01:08:48.144	158.383	158.389			6
2026.01.23	01:08:50.016		158.390			4
2026.01.23	01:08:50.623		158.389			4
2026.01.23	01:08:50.935		158.390			4
2026.01.23	01:08:52.168		158.389			4
2026.01.23	01:08:54.329		158.388			4
2026.01.23	01:08:54.951	158.385	158.389			6
2026.01.23	01:08:55.259		158.388			4
2026.01.23	01:08:57.112	158.386	158.387			6
2026.01.23	01:09:00.184	158.385	158.386			6
2026.01.23	01:09:01.106	158.384	158.385			6
2026.01.23	01:09:02.636	158.385	158.386			6
2026.01.23	01:09:13.389	158.394	158.395			6
2026.01.23	01:09:13.698	158.396	158.397			6
2026.01.23	01:09:14.316	158.393	158.402			6
2026.01.23	01:09:15.251	158.394				2
2026.01.23	01:09:16.178	158.395	158.401			6
2026.01.23	01:09:18.342		158.400			4
2026.01.23	01:09:20.213		158.399			4
2026.01.23	01:09:20.521	158.396	158.400			6
2026.01.23	01:09:21.138	158.397	158.399			6
2026.01.23	01:09:22.058	158.396	158.398			6
2026.01.23	01:09:22.371	158.394	158.395			6
2026.01.23	01:09:22.677	158.393	158.394			6
2026.01.23	01:09:23.604	158.387	158.388			6
2026.01.23	01:09:24.223	158.384	158.392			6
2026.01.23	01:09:24.849		158.391			4
2026.01.23	01:09:26.673	158.385				2
2026.01.23	01:09:28.239	158.386	158.390			6
2026.01.23	01:09:29.169	158.387	158.389			6
2026.01.23	01:09:30.091	158.388				2
2026.01.23	01:09:30.704	158.387	158.388			6
2026.01.23	01:09:34.684	158.386	158.387			6
2026.01.23	01:09:35.302	158.387	158.388			6
2026.01.23	01:09:40.507	158.386	158.387			6
2026.01.23	01:09:42.649	158.387	158.388			6
2026.01.23	01:09:44.803	158.386	158.387			6
2026.01.23	01:09:50.646	158.387	158.388			6
2026.01.23	01:09:52.801	158.386	158.387			6
2026.01.23	01:09:53.106	158.387	158.388			6
2026.01.23	01:09:54.639	158.386	158.387			6
2026.01.23	01:09:54.946	158.387	158.388			6
2026.01.23	01:09:56.478	158.388	158.389			6
2026.01.23	01:09:59.550	158.387	158.388			6
2026.01.23	01:10:00.163	158.387				2
2026.01.23	01:10:01.397	158.389	158.390			6
2026.01.23	01:10:01.698	158.390	158.391			6
2026.01.23	01:10:04.157	158.391	158.392			6
2026.01.23	01:10:07.542	158.390	158.391			6
2026.01.23	01:10:11.838	158.391	158.392			6
2026.01.23	01:10:12.141	158.396	158.397			6
2026.01.23	01:10:13.059	158.397	158.398			6
2026.01.23	01:10:13.361	158.394	158.401			6
2026.01.23	01:10:16.400		158.400			4
2026.01.23	01:10:17.329	158.395				2
2026.01.23	01:10:19.180		158.399			4
2026.01.23	01:10:20.109		158.398			4
2026.01.23	01:10:20.417	158.394	158.397			6
2026.01.23	01:10:23.211		158.396			4
2026.01.23	01:10:24.140	158.395				2
2026.01.23	01:10:25.977	158.394	158.395			6
2026.01.23	01:10:26.289	158.393	158.394			6
2026.01.23	01:10:26.595	158.395	158.396			6
2026.01.23	01:10:27.208	158.393				2
2026.01.23	01:10:28.135	158.392				2
2026.01.23	01:10:29.366	158.395	158.397			6
2026.01.23	01:10:30.309		158.398			4
2026.01.23	01:10:31.242	158.396	158.397			6
2026.01.23	01:10:40.432	158.395	158.396			6
2026.01.23	01:10:50.238	158.396	158.397			6
2026.01.23	01:10:56.675	158.395	158.396			6
2026.01.23	01:10:57.284	158.396	158.397			6
2026.01.23	01:11:00.054	158.396				2
2026.01.23	01:11:00.361	158.397	158.398			6
2026.01.23	01:11:02.512	158.396	158.397			6
2026.01.23	01:11:10.489	158.397	158.398			6
2026.01.23	01:11:11.109	158.396	158.397			6
2026.01.23	01:11:11.415	158.397	158.398			6
2026.01.23	01:11:23.399	158.396	158.397			6
2026.01.23	01:11:27.381	158.397	158.398			6
2026.01.23	01:11:29.530	158.396	158.397			6
2026.01.23	01:11:29.839	158.397	158.398			6
2026.01.23	01:11:32.901	158.396	158.397			6
2026.01.23	01:11:37.180	158.397	158.398			6
2026.01.23	01:11:38.099	158.398	158.399			6
2026.01.23	01:11:38.716	158.397	158.398			6
2026.01.23	01:11:40.860	158.398	158.399			6
2026.01.23	01:11:42.102	158.397	158.398			6
2026.01.23	01:11:42.407	158.398	158.399			6
2026.01.23	01:11:42.712	158.397	158.398			6
2026.01.23	01:11:43.942	158.396	158.397			6
2026.01.23	01:11:44.253	158.397	158.398			6
2026.01.23	01:11:45.192	158.396				2
2026.01.23	01:11:47.370	158.397				2
2026.01.23	01:11:50.781	158.396	158.397			6
2026.01.23	01:11:52.022	158.397	158.398			6
2026.01.23	01:11:57.583	158.398	158.399			6
2026.01.23	01:11:57.886	158.397	158.398			6
2026.01.23	01:12:00.056	158.397				2
2026.01.23	01:12:04.396	158.398	158.399			6
2026.01.23	01:12:04.705	158.397	158.398			6
2026.01.23	01:12:07.823	158.398	158.399			6
2026.01.23	01:12:09.361	158.397	158.398			6
2026.01.23	01:12:09.667	158.398	158.399			6
2026.01.23	01:12:09.973	158.397	158.398			6
2026.01.23	01:12:23.317	158.398	158.399			6
2026.01.23	01:12:24.242	158.396	158.400			6
2026.01.23	01:12:25.790	158.397	158.401			6
2026.01.23	01:12:27.334		158.400			4
2026.01.23	01:12:31.373		158.399			4
2026.01.23	01:12:33.245	158.398				2
2026.01.23	01:12:36.326	158.396	158.400			6
2026.01.23	01:12:42.216		158.402			4
2026.01.23	01:12:42.532		158.403			4
2026.01.23	01:12:48.396		158.402			4
2026.01.23	01:12:51.208		158.401			4
2026.01.23	01:12:54.316		158.400			4
2026.01.23	01:12:56.179	158.397				2
2026.01.23	01:12:57.109		158.399			4
2026.01.23	01:12:58.335	158.398				2
2026.01.23	01:13:00.175	158.398				2
2026.01.23	01:13:03.555	158.397	158.398			6
2026.01.23	01:13:20.141	158.405	158.406			6
2026.01.23	01:13:20.454	158.402	158.403			6
2026.01.23	01:13:20.760	158.401	158.402			6
2026.01.23	01:13:21.377	158.400	158.406			6
2026.01.23	01:13:23.323		158.407			4
2026.01.23	01:13:23.655		158.406			4
2026.01.23	01:13:24.793		158.407			4
2026.01.23	01:13:25.131	158.398	158.405			6
2026.01.23	01:13:25.436	158.400	158.407			6
2026.01.23	01:13:25.746	158.401	158.409			6
2026.01.23	01:13:26.092	158.402				2
2026.01.23	01:13:27.033		158.410			4
2026.01.23	01:13:28.259	158.401	158.409			6
2026.01.23	01:13:30.385	158.402				2
2026.01.23	01:13:31.307		158.408			4
2026.01.23	01:13:32.233	158.401	158.407			6
2026.01.23	01:13:33.161		158.406			4
2026.01.23	01:13:34.082	158.402	158.407			6
2026.01.23	01:13:35.010	158.401	158.406			6
2026.01.23	01:13:35.328		158.405			4
2026.01.23	01:13:35.631	158.402	158.406			6
2026.01.23	01:13:37.219		158.405			4
2026.01.23	01:13:38.159	158.401				2
2026.01.23	01:13:40.385	158.402				2
2026.01.23	01:13:41.325		158.404			4
2026.01.23	01:13:43.171	158.403				2
2026.01.23	01:13:48.382	158.404	158.405			6
2026.01.23	01:13:48.686	158.405	158.406			6
2026.01.23	01:13:49.915	158.404	158.405			6
2026.01.23	01:13:56.057	158.405	158.406			6
2026.01.23	01:13:56.364	158.404	158.405			6
2026.01.23	01:13:58.515	158.405	158.406			6
2026.01.23	01:14:00.038	158.405				2
2026.01.23	01:14:01.273	158.406	158.407			6
2026.01.23	01:14:03.130	158.405	158.406			6
2026.01.23	01:14:09.287	158.406	158.407			6
2026.01.23	01:14:12.367	158.407	158.408			6
2026.01.23	01:14:15.742	158.406	158.407			6
2026.01.23	01:14:18.504	158.407	158.408			6
2026.01.23	01:14:18.811	158.406	158.407			6
2026.01.23	01:14:24.944	158.407	158.408			6
2026.01.23	01:14:27.712	158.406	158.407			6
2026.01.23	01:14:31.401	158.407	158.408			6
2026.01.23	01:14:37.530	158.406	158.407			6
2026.01.23	01:14:38.145	158.402	158.403			6
2026.01.23	01:14:38.453	158.401	158.402			6
2026.01.23	01:14:39.372	158.397	158.403			6
2026.01.23	01:14:45.543	158.398				2
2026.01.23	01:14:48.042	158.399				2
2026.01.23	01:14:49.271	158.400				2
2026.01.23	01:14:52.361	158.401				2
2026.01.23	01:14:53.592	158.400	158.402			6
2026.01.23	01:14:54.510	158.401	158.403			6
2026.01.23	01:14:55.126		158.402			4
2026.01.23	01:15:00.030	158.401				2
2026.01.23	01:15:00.334	158.400	158.401			6
2026.01.23	01:15:01.569	158.401	158.402			6
2026.01.23	01:15:02.781	158.400	158.401			6
2026.01.23	01:15:03.088	158.401	158.402			6
2026.01.23	01:15:04.017	158.399	158.400			6
2026.01.23	01:15:04.325	158.400	158.401			6
2026.01.23	01:15:04.626	158.401	158.402			6
2026.01.23	01:15:05.544	158.402	158.403			6
2026.01.23	01:15:05.852	158.403	158.404			6
2026.01.23	01:15:11.406	158.402	158.403			6
2026.01.23	01:15:12.017	158.403	158.404			6
2026.01.23	01:15:15.703	158.402	158.403			6
2026.01.23	01:15:16.621	158.401	158.402			6
2026.01.23	01:15:18.467	158.402	158.403			6
2026.01.23	01:15:20.001	158.401	158.402			6
2026.01.23	01:15:20.319	158.402	158.403			6
2026.01.23	01:15:24.010	158.403	158.404			6
2026.01.23	01:15:25.790	158.402	158.403			6
2026.01.23	01:15:29.182	158.403	158.404			6
2026.01.23	01:15:30.706	158.402	158.403			6
2026.01.23	01:15:31.011	158.403	158.404			6
2026.01.23	01:15:31.314	158.402	158.403			6
2026.01.23	01:15:31.620	158.403	158.404			6
2026.01.23	01:15:32.538	158.402	158.403			6
2026.01.23	01:15:36.520	158.404	158.405			6
2026.01.23	01:15:36.833	158.406	158.407			6
2026.01.23	01:15:37.138	158.407	158.408			6
2026.01.23	01:15:38.361	158.405	158.411			6
2026.01.23	01:15:38.999	158.404	158.410			6
2026.01.23	01:15:40.174	158.405				2
2026.01.23	01:15:46.681	158.401	158.406			6
2026.01.23	01:15:47.693		158.405			4
2026.01.23	01:15:47.998		158.406			4
2026.01.23	01:15:53.368	158.402				2
2026.01.23	01:15:54.941	158.401				2
2026.01.23	01:15:55.393	158.402				2
2026.01.23	01:15:55.700		158.405			4
2026.01.23	01:15:56.001	158.401				2
2026.01.23	01:15:56.314	158.405	158.408			6
2026.01.23	01:15:56.626	158.406	158.409			6
2026.01.23	01:15:57.240		158.408			4
2026.01.23	01:15:57.546	158.407	158.409			6
2026.01.23	01:15:58.154	158.406	158.411			6
2026.01.23	01:16:00.285	158.406				2
2026.01.23	01:16:01.496		158.410			4
2026.01.23	01:16:05.200	158.407				2
2026.01.23	01:16:06.137		158.409			4
2026.01.23	01:16:06.751		158.410			4
2026.01.23	01:16:07.370		158.409			4
2026.01.23	01:16:08.293	158.409	158.410			6
2026.01.23	01:16:09.214	158.408	158.409			6
2026.01.23	01:16:09.521	158.409	158.410			6
2026.01.23	01:16:11.051	158.410	158.411			6
2026.01.23	01:16:11.355	158.409	158.410			6
2026.01.23	01:16:13.193	158.410	158.411			6
2026.01.23	01:16:23.015	158.411	158.412			6
2026.01.23	01:16:23.320	158.410	158.411			6
2026.01.23	01:16:34.355	158.411	158.412			6
2026.01.23	01:16:34.670	158.410	158.411			6
2026.01.23	01:16:35.597	158.411	158.412			6
2026.01.23	01:16:36.215	158.410	158.411			6
2026.01.23	01:16:43.261	158.411	158.412			6
2026.01.23	01:16:43.567	158.412	158.413			6
2026.01.23	01:16:45.414	158.413	158.414			6
2026.01.23	01:16:45.725	158.412	158.413			6
2026.01.23	01:16:46.336	158.413	158.414			6
2026.01.23	01:16:48.487	158.412	158.413			6
2026.01.23	01:16:54.594	158.413	158.414			6
2026.01.23	01:16:54.905	158.412	158.413			6
2026.01.23	01:16:55.210	158.413	158.414			6
2026.01.23	01:16:55.826	158.412	158.413			6
2026.01.23	01:16:56.750	158.413	158.414			6
2026.01.23	01:16:58.909	158.412	158.413			6
2026.01.23	01:17:00.137	158.412				2
2026.01.23	01:17:02.274	158.416	158.417			6
2026.01.23	01:17:02.882	158.417	158.418			6
2026.01.23	01:17:03.188	158.414	158.419			6
2026.01.23	01:17:04.415	158.415				2
2026.01.23	01:17:04.957		158.418			4
2026.01.23	01:17:06.176	158.416				2
2026.01.23	01:17:09.148		158.419			4
2026.01.23	01:17:11.712		158.418			4
2026.01.23	01:17:13.103	158.415				2
2026.01.23	01:17:14.326	158.416				2
2026.01.23	01:17:15.254	158.417				2
2026.01.23	01:17:18.934	158.416	158.417			6
2026.01.23	01:17:19.855	158.417	158.418			6
2026.01.23	01:17:24.770	158.416	158.417			6
2026.01.23	01:17:25.071	158.417	158.418			6
2026.01.23	01:17:25.372	158.416	158.417			6
2026.01.23	01:17:29.675	158.417	158.418			6
2026.01.23	01:17:31.204	158.416	158.417			6
2026.01.23	01:17:31.507	158.417	158.418			6
2026.01.23	01:17:33.640	158.416	158.417			6
2026.01.23	01:17:37.015	158.417	158.418			6
2026.01.23	01:17:37.931	158.416	158.417			6
2026.01.23	01:17:42.843	158.417	158.418			6
2026.01.23	01:17:43.145	158.416	158.417			6
2026.01.23	01:17:43.763	158.417	158.418			6
2026.01.23	01:17:44.375	158.416	158.417			6
2026.01.23	01:17:48.380	158.417	158.418			6
2026.01.23	01:17:52.074	158.416	158.417			6
2026.01.23	01:17:53.615	158.417	158.418			6
2026.01.23	01:17:56.991	158.416	158.417			6
2026.01.23	01:18:00.059	158.416				2
2026.01.23	01:18:00.972	158.413	158.414			6
2026.01.23	01:18:01.888	158.412	158.413			6
2026.01.23	01:18:02.197	158.409	158.412			6
2026.01.23	01:18:04.015	158.406	158.410			6
2026.01.23	01:18:04.329		158.411			4
2026.01.23	01:18:05.271	158.405				2
2026.01.23	01:18:06.284		158.410			4
2026.01.23	01:18:09.181		158.411			4
2026.01.23	01:18:10.218	158.406				2
2026.01.23	01:18:10.526		158.410			4
2026.01.23	01:18:12.089	158.404	158.405			6
2026.01.23	01:18:12.726	158.403	158.404			6
2026.01.23	01:18:13.335	158.402				2
2026.01.23	01:18:13.970	158.401	158.405			6
2026.01.23	01:18:14.908	158.402				2
2026.01.23	01:18:19.258	158.403				2
2026.01.23	01:18:22.371	158.404				2
2026.01.23	01:18:25.171	158.405	158.406			6
2026.01.23	01:18:42.018	158.404	158.405			6
2026.01.23	01:18:43.241	158.406	158.407			6
2026.01.23	01:18:43.858	158.407	158.408			6
2026.01.23	01:18:44.160	158.405	158.410			6
2026.01.23	01:18:46.028	158.404				2
2026.01.23	01:18:46.333	158.405				2
2026.01.23	01:18:48.218	158.406				2
2026.01.23	01:18:49.158	158.407				2
2026.01.23	01:18:50.103		158.409			4
2026.01.23	01:18:51.331	158.408				2
2026.01.23	01:18:55.031	158.407	158.408			6
2026.01.23	01:18:55.341	158.406	158.407			6
2026.01.23	01:18:56.273	158.403	158.408			6
2026.01.23	01:18:58.144	158.404				2
2026.01.23	01:18:59.378	158.405				2
2026.01.23	01:19:00.301	158.405				2
2026.01.23	01:19:01.242		158.406			4
2026.01.23	01:19:01.543	158.404	158.405			6
2026.01.23	01:19:02.155	158.402	158.404			6
2026.01.23	01:19:04.322	158.403				2
2026.01.23	01:19:05.266	158.404	158.405			6
2026.01.23	01:19:09.267	158.405	158.406			6
2026.01.23	01:19:09.890	158.404	158.405			6
2026.01.23	01:19:10.203	158.405	158.406			6
2026.01.23	01:19:10.816	158.404	158.405			6
2026.01.23	01:19:11.127	158.405	158.406			6
2026.01.23	01:19:12.968	158.404	158.405			6
2026.01.23	01:19:13.271	158.405	158.406			6
2026.01.23	01:19:14.192	158.404	158.405			6
2026.01.23	01:19:24.635	158.405	158.406			6
2026.01.23	01:19:26.472	158.404	158.405			6
2026.01.23	01:19:26.777	158.405	158.406			6
2026.01.23	01:19:29.542	158.404	158.405			6
2026.01.23	01:19:31.677	158.405	158.406			6
2026.01.23	01:19:33.816	158.404	158.405			6
2026.01.23	01:19:34.426	158.405	158.406			6
2026.01.23	01:19:34.730	158.404	158.405			6
2026.01.23	01:19:35.037	158.405	158.406			6
2026.01.23	01:19:35.652	158.404	158.405			6
2026.01.23	01:19:35.958	158.408	158.409			6
2026.01.23	01:19:36.265	158.409	158.410			6
2026.01.23	01:19:37.187	158.407	158.413			6
2026.01.23	01:19:38.091	158.408				2
2026.01.23	01:19:49.398	158.409				2
2026.01.23	01:19:50.338		158.412			4
2026.01.23	01:19:51.283	158.410				2
2026.01.23	01:19:53.124		158.411			4
2026.01.23	01:19:53.425	158.411	158.412			6
2026.01.23	01:20:00.184	158.410	158.411			6
2026.01.23	01:20:05.113	158.411	158.412			6
2026.01.23	01:20:23.803	158.412	158.413			6
2026.01.23	01:20:24.108	158.411	158.412			6
2026.01.23	01:20:27.461	158.410	158.411			6
2026.01.23	01:20:28.682	158.411	158.412			6
2026.01.23	01:20:29.296	158.410	158.411			6
2026.01.23	01:20:33.590	158.409	158.410			6
2026.01.23	01:20:34.207	158.410	158.411			6
2026.01.23	01:20:39.726	158.406	158.407			6
2026.01.23	01:20:40.345	158.404	158.410			6
2026.01.23	01:20:42.200		158.409			4
2026.01.23	01:20:44.366	158.403	158.408			6
2026.01.23	01:20:45.308		158.407			4
2026.01.23	01:20:46.252	158.404	158.408			6
2026.01.23	01:20:47.177	158.405				2
2026.01.23	01:20:48.122		158.407			4
2026.01.23	01:20:48.441		158.406			4
2026.01.23	01:20:48.749	158.401	158.403			6
2026.01.23	01:20:49.389	158.398	158.404			6
2026.01.23	01:20:50.096	158.399				2
2026.01.23	01:20:57.397	158.401				2
2026.01.23	01:21:00.165	158.402				2
2026.01.23	01:21:01.092		158.403			4
2026.01.23	01:21:02.015	158.403	158.404			6
2026.01.23	01:21:02.931	158.402	158.403			6
2026.01.23	01:21:04.158	158.401				2
2026.01.23	01:21:05.390		158.402			4
2026.01.23	01:21:05.693	158.402	158.403			6
2026.01.23	01:21:07.543	158.401	158.402			6
2026.01.23	01:21:08.456	158.402	158.403			6
2026.01.23	01:21:11.207	158.401	158.402			6
2026.01.23	01:21:11.832	158.402	158.403			6
2026.01.23	01:21:12.134	158.401	158.402			6
2026.01.23	01:21:13.368	158.400	158.403			6
2026.01.23	01:21:14.398	158.401	158.402			6
2026.01.23	01:21:15.317	158.402	158.403			6
2026.01.23	01:21:16.239	158.401	158.402			6
2026.01.23	01:21:17.493	158.402	158.403			6
2026.01.23	01:21:18.106	158.401	158.402			6
2026.01.23	01:21:22.546	158.402	158.403			6
2026.01.23	01:21:28.062	158.401	158.402			6
2026.01.23	01:21:29.542	158.402	158.403			6
2026.01.23	01:21:30.776	158.401	158.402			6
2026.01.23	01:21:31.689	158.402	158.403			6
2026.01.23	01:21:32.298	158.401				2
2026.01.23	01:21:33.399	158.402				2
2026.01.23	01:21:34.013	158.401	158.402			6
2026.01.23	01:21:34.634	158.402	158.403			6
2026.01.23	01:21:40.775	158.399	158.400			6
2026.01.23	01:21:41.082	158.402	158.403			6
2026.01.23	01:21:58.324		158.404			4
2026.01.23	01:22:00.086	158.402				2
2026.01.23	01:22:05.578	158.401				2
2026.01.23	01:22:09.397	158.402				2
2026.01.23	01:22:09.703	158.401	158.403			6
2026.01.23	01:22:10.327		158.404			4
2026.01.23	01:22:14.229		158.403			4
2026.01.23	01:22:16.109	158.402				2
2026.01.23	01:22:20.112	158.401	158.404			6
2026.01.23	01:22:20.856	158.400				2
2026.01.23	01:22:21.206	158.401				2
2026.01.23	01:22:23.398		158.403			4
2026.01.23	01:22:24.342		158.404			4
2026.01.23	01:22:26.400	158.402	158.403			6
2026.01.23	01:22:31.000	158.403	158.404			6
2026.01.23	01:22:31.303	158.402	158.403			6
2026.01.23	01:22:33.135	158.401	158.404			6
2026.01.23	01:22:33.650	158.407	158.408			6
2026.01.23	01:22:33.956	158.408	158.410			6
2026.01.23	01:22:34.276	158.407	158.412			6
2026.01.23	01:22:35.730	158.408	158.413			6
2026.01.23	01:22:40.805	158.402	158.407			6
2026.01.23	01:22:43.063	158.403				2
2026.01.23	01:22:46.450	158.402				2
2026.01.23	01:22:51.403		158.406			4
2026.01.23	01:22:52.335	158.403				2
2026.01.23	01:22:54.220		158.405			4
2026.01.23	01:22:55.144	158.404				2
2026.01.23	01:22:57.290	158.405	158.406			6
2026.01.23	01:22:58.214	158.404	158.405			6
2026.01.23	01:22:58.830	158.405	158.406			6
2026.01.23	01:23:00.059	158.405				2
2026.01.23	01:23:00.363	158.404	158.405			6
2026.01.23	01:23:00.673	158.405	158.406			6
2026.01.23	01:23:01.589	158.407	158.408			6
2026.01.23	01:23:01.902	158.409	158.410			6
2026.01.23	01:23:02.822	158.410	158.411			6
2026.01.23	01:23:03.124	158.409	158.413			6
2026.01.23	01:23:07.388		158.412			4
2026.01.23	01:23:07.696	158.410	158.414			6
2026.01.23	01:23:09.240	158.411				2
2026.01.23	01:23:10.178		158.413			4
2026.01.23	01:23:11.096	158.412				2
2026.01.23	01:23:16.923	158.411	158.412			6
2026.01.23	01:23:22.432	158.412	158.413			6
2026.01.23	01:23:27.944	158.411	158.412			6
2026.01.23	01:23:29.493	158.412	158.413			6
2026.01.23	01:23:30.722	158.411	158.412			6
2026.01.23	01:23:34.410	158.417	158.418			6
2026.01.23	01:23:35.331		158.420			4
2026.01.23	01:23:35.652		158.421			4
2026.01.23	01:23:36.137		158.420			4
2026.01.23	01:23:36.444		158.421			4
2026.01.23	01:23:36.759	158.418				2
2026.01.23	01:23:39.214		158.420			4
2026.01.23	01:23:40.141	158.417				2
2026.01.23	01:23:41.093		158.419			4
2026.01.23	01:23:42.315	158.418	158.420			6
2026.01.23	01:23:43.247		158.419			4
2026.01.23	01:23:43.560	158.419	158.420			6
2026.01.23	01:23:44.170	158.418	158.419			6
2026.01.23	01:23:44.480	158.419	158.420			6
2026.01.23	01:23:45.690	158.418	158.419			6
2026.01.23	01:23:46.606	158.419	158.420			6
2026.01.23	01:23:47.535	158.420	158.421			6
2026.01.23	01:23:47.837	158.418	158.419			6
2026.01.23	01:23:48.743	158.419	158.420			6
2026.01.23	01:23:49.964	158.418	158.419			6
2026.01.23	01:23:53.961	158.420	158.421			6
2026.01.23	01:23:54.264	158.419	158.420			6
2026.01.23	01:23:54.876	158.420	158.421			6
2026.01.23	01:23:55.183	158.419	158.420			6
2026.01.23	01:23:57.014	158.420	158.421			6
2026.01.23	01:23:57.323	158.419	158.420			6
2026.01.23	01:23:58.252	158.420	158.421			6
2026.01.23	01:24:00.087	158.420				2
2026.01.23	01:24:11.156	158.421	158.422			6
2026.01.23	01:24:11.465	158.420	158.421			6
2026.01.23	01:24:12.993	158.419	158.420			6
2026.01.23	01:24:13.298	158.420	158.421			6
2026.01.23	01:24:14.225	158.419	158.420			6
2026.01.23	01:24:15.152	158.420	158.421			6
2026.01.23	01:24:15.454	158.419	158.420			6
2026.01.23	01:24:16.064	158.420	158.421			6
2026.01.23	01:24:16.369	158.419	158.420			6
2026.01.23	01:24:16.675	158.420	158.421			6
2026.01.23	01:24:17.000	158.419	158.420			6
2026.01.23	01:24:17.303	158.420	158.421			6
2026.01.23	01:24:18.223	158.419	158.420			6
2026.01.23	01:24:19.147	158.420	158.421			6
2026.01.23	01:24:19.753	158.419	158.420			6
2026.01.23	01:24:20.064	158.420	158.421			6
2026.01.23	01:24:20.375	158.419	158.420			6
2026.01.23	01:24:22.225	158.420	158.421			6
2026.01.23	01:24:22.534	158.419	158.420			6
2026.01.23	01:24:25.283	158.420	158.421			6
2026.01.23	01:24:26.210	158.419	158.420			6
2026.01.23	01:24:30.494	158.418	158.419			6
2026.01.23	01:24:31.105	158.416	158.420			6
2026.01.23	01:24:32.117	158.417				2
2026.01.23	01:24:33.364		158.419			4
2026.01.23	01:24:34.290	158.418				2
2026.01.23	01:24:35.208	158.419	158.420			6
2026.01.23	01:24:35.567	158.418	158.419			6
2026.01.23	01:24:37.413	158.417	158.418			6
2026.01.23	01:24:38.331	158.418	158.419			6
2026.01.23	01:24:38.640	158.417	158.418			6
2026.01.23	01:24:39.245	158.418	158.419			6
2026.01.23	01:24:39.551	158.417	158.418			6
2026.01.23	01:24:41.387	158.418	158.419			6
2026.01.23	01:24:42.311	158.416	158.420			6
2026.01.23	01:24:43.563		158.421			4
2026.01.23	01:24:43.881		158.420			4
2026.01.23	01:24:44.187		158.421			4
2026.01.23	01:24:45.121		158.422			4
2026.01.23	01:24:46.411		158.421			4
2026.01.23	01:24:48.286		158.420			4
2026.01.23	01:24:48.602		158.421			4
2026.01.23	01:24:48.922		158.420			4
2026.01.23	01:24:50.187		158.419			4
2026.01.23	01:24:50.807	158.417	158.420			6
2026.01.23	01:24:51.113		158.419			4
2026.01.23	01:24:52.370		158.418			4
2026.01.23	01:24:52.677	158.418	158.419			6
2026.01.23	01:24:54.210	158.417				2
2026.01.23	01:24:55.160	158.418				2
2026.01.23	01:24:56.687	158.419	158.420			6
2026.01.23	01:24:58.224	158.418				2
2026.01.23	01:24:59.160	158.417	158.422			6
2026.01.23	01:25:00.398	158.417	158.421			6
2026.01.23	01:25:01.327	158.416	158.422			6
2026.01.23	01:25:01.816	158.417				2
2026.01.23	01:25:02.202		158.421			4
2026.01.23	01:25:03.132		158.420			4
2026.01.23	01:25:04.374	158.418	158.419			6
2026.01.23	01:25:05.901	158.419	158.420			6
2026.01.23	01:25:07.125	158.418	158.419			6
2026.01.23	01:25:09.894	158.419	158.420			6
2026.01.23	01:25:11.127	158.418	158.419			6
2026.01.23	01:25:13.267	158.419	158.420			6
2026.01.23	01:25:13.569	158.418	158.419			6
2026.01.23	01:25:15.416	158.412	158.413			6
2026.01.23	01:25:15.717	158.410	158.411			6
2026.01.23	01:25:16.321	158.408	158.412			6
2026.01.23	01:25:17.589	158.407				2
2026.01.23	01:25:21.893	158.408				2
2026.01.23	01:25:22.991	158.407				2
2026.01.23	01:25:26.677	158.402	158.407			6
2026.01.23	01:25:27.004	158.403				2
2026.01.23	01:25:27.483	158.402				2
2026.01.23	01:25:28.113	158.403				2
2026.01.23	01:25:28.607	158.402				2
2026.01.23	01:25:29.114	158.403				2
2026.01.23	01:25:29.466	158.402				2
2026.01.23	01:25:30.234	158.403				2
2026.01.23	01:25:34.354	158.404				2
2026.01.23	01:25:36.241		158.406			4
2026.01.23	01:25:37.159	158.405				2
2026.01.23	01:25:42.385	158.406	158.407			6
2026.01.23	01:25:45.451	158.407	158.408			6
2026.01.23	01:25:46.059	158.406	158.407			6
2026.01.23	01:25:49.424	158.407	158.408			6
2026.01.23	01:25:52.185	158.406	158.407			6
2026.01.23	01:25:54.633	158.407	158.408			6
2026.01.23	01:25:55.250	158.408	158.409			6
2026.01.23	01:25:57.706	158.409	158.410			6
2026.01.23	01:26:00.165	158.409				2
2026.01.23	01:26:02.309	158.410	158.411			6
2026.01.23	01:26:02.926	158.409	158.410			6
2026.01.23	01:26:06.301	158.410	158.411			6
2026.01.23	01:26:06.608	158.409	158.410			6
2026.01.23	01:26:07.216	158.410	158.411			6
2026.01.23	01:26:07.522	158.409	158.410			6
2026.01.23	01:26:08.141	158.410	158.411			6
2026.01.23	01:26:11.222	158.409	158.410			6
2026.01.23	01:26:16.104	158.407	158.408			6
2026.01.23	01:26:16.409	158.408	158.409			6
2026.01.23	01:26:17.028	158.407	158.408			6
2026.01.23	01:26:17.333	158.408	158.409			6
2026.01.23	01:26:17.948	158.409	158.410			6
2026.01.23	01:26:18.251	158.408	158.409			6
2026.01.23	01:26:19.797	158.409	158.410			6
2026.01.23	01:26:20.106	158.408	158.409			6
2026.01.23	01:26:25.936	158.409	158.410			6
2026.01.23	01:26:26.255	158.408	158.409			6
2026.01.23	01:26:29.319	158.409	158.410			6
2026.01.23	01:26:29.629	158.408	158.409			6
2026.01.23	01:26:32.077	158.407	158.408			6
2026.01.23	01:26:32.387	158.408	158.409			6
2026.01.23	01:26:47.128	158.409	158.410			6
2026.01.23	01:26:47.431	158.408	158.409			6
2026.01.23	01:26:48.661	158.409	158.410			6
2026.01.23	01:26:48.971	158.408	158.409			6
2026.01.23	01:26:50.821	158.409	158.410			6
2026.01.23	01:26:52.365	158.408	158.409			6
2026.01.23	01:26:52.676	158.406	158.407			6
2026.01.23	01:26:53.285	158.405	158.409			6
2026.01.23	01:26:54.206		158.408			4
2026.01.23	01:26:55.162	158.404				2
2026.01.23	01:26:56.408	158.405				2
2026.01.23	01:27:00.177	158.405				2
2026.01.23	01:27:01.122	158.406				2
2026.01.23	01:27:03.307	158.407				2
2026.01.23	01:27:18.634	158.406	158.407			6
2026.01.23	01:27:21.122	158.407	158.408			6
2026.01.23	01:27:21.737	158.406	158.407			6
2026.01.23	01:27:23.579	158.407	158.408			6
2026.01.23	01:27:26.650	158.406	158.407			6
2026.01.23	01:27:29.717	158.407	158.408			6
2026.01.23	01:27:32.773	158.406	158.407			6
2026.01.23	01:27:48.551	158.407	158.408			6
2026.01.23	01:27:48.859	158.406	158.407			6
2026.01.23	01:27:49.474	158.407	158.408			6
2026.01.23	01:27:50.095	158.406	158.407			6
2026.01.23	01:27:54.132	158.407	158.408			6
2026.01.23	01:27:59.636	158.406	158.407			6
2026.01.23	01:28:00.271	158.406				2
2026.01.23	01:28:02.778	158.407	158.408			6
2026.01.23	01:28:03.384	158.406	158.407			6
2026.01.23	01:28:04.947	158.407	158.408			6
2026.01.23	01:28:06.489	158.406	158.407			6
2026.01.23	01:28:10.210	158.407	158.408			6
2026.01.23	01:28:11.441	158.406	158.407			6
2026.01.23	01:28:11.758	158.407	158.408			6
2026.01.23	01:28:31.261	158.408	158.409			6
2026.01.23	01:28:33.415	158.407	158.408			6
2026.01.23	01:28:37.456	158.406	158.407			6
2026.01.23	01:28:38.078	158.407	158.408			6
2026.01.23	01:28:41.478	158.408	158.409			6
2026.01.23	01:28:48.220	158.407	158.408			6
2026.01.23	01:28:51.020	158.405	158.406			6
2026.01.23	01:28:51.642	158.409	158.410			6
2026.01.23	01:28:51.949	158.410	158.411			6
2026.01.23	01:28:52.255		158.414			4
2026.01.23	01:28:56.675		158.415			4
2026.01.23	01:28:57.636	158.411				2
2026.01.23	01:28:58.628	158.410				2
2026.01.23	01:29:00.095	158.410	158.414			6
2026.01.23	01:29:00.399	158.409				2
2026.01.23	01:29:01.339	158.406	158.412			6
2026.01.23	01:29:01.645	158.405	158.410			6
2026.01.23	01:29:02.578		158.411			4
2026.01.23	01:29:05.388	158.407	158.412			6
2026.01.23	01:29:09.391	158.408				2
2026.01.23	01:29:10.626	158.409				2
2026.01.23	01:29:13.129		158.411			4
2026.01.23	01:29:14.091	158.410	158.412			6
2026.01.23	01:29:16.282	158.411				2
2026.01.23	01:29:17.501	158.412	158.413			6
2026.01.23	01:29:18.115	158.413	158.414			6
2026.01.23	01:29:18.428	158.412	158.413			6
2026.01.23	01:29:18.729	158.413	158.414			6
2026.01.23	01:29:23.336	158.414	158.415			6
2026.01.23	01:29:23.638	158.413	158.414			6
2026.01.23	01:29:24.249	158.414	158.415			6
2026.01.23	01:29:24.863	158.413	158.414			6
2026.01.23	01:29:40.140	158.412	158.413			6
2026.01.23	01:29:40.449	158.413	158.414			6
2026.01.23	01:29:41.066	158.411	158.412			6
2026.01.23	01:29:43.504	158.412	158.413			6
2026.01.23	01:29:46.875	158.413	158.414			6
2026.01.23	01:29:47.181	158.412	158.413			6
2026.01.23	01:30:00.041	158.412				2
2026.01.23	01:30:04.640	158.413	158.414			6
2026.01.23	01:30:04.942	158.411	158.413			6
2026.01.23	01:30:05.868	158.410				2
2026.01.23	01:30:06.800	158.412				2
2026.01.23	01:30:07.108	158.413	158.414			6
2026.01.23	01:30:09.586	158.412	158.413			6
2026.01.23	01:30:11.726	158.414	158.415			6
2026.01.23	01:30:14.487	158.413	158.414			6
2026.01.23	01:30:15.406	158.414	158.415			6
2026.01.23	01:30:21.549	158.420	158.421			6
2026.01.23	01:30:21.855	158.421	158.422			6
2026.01.23	01:30:22.161	158.420	158.425			6
2026.01.23	01:30:25.611	158.419	158.424			6
2026.01.23	01:30:27.196	158.421	158.426			6
2026.01.23	01:30:28.199		158.425			4
2026.01.23	01:30:28.821	158.419	158.424			6
2026.01.23	01:30:31.403	158.420				2
2026.01.23	01:30:31.712	158.422	158.426			6
2026.01.23	01:30:32.399	158.426	158.431			6
2026.01.23	01:30:33.214		158.432			4
2026.01.23	01:30:34.855		158.431			4
2026.01.23	01:30:38.991	158.420	158.425			6
2026.01.23	01:30:42.025	158.421	158.426			6
2026.01.23	01:30:45.113	158.417	158.421			6
2026.01.23	01:30:46.692		158.422			4
2026.01.23	01:30:47.184		158.421			4
2026.01.23	01:30:47.497	158.416				2
2026.01.23	01:30:48.935	158.417				2
2026.01.23	01:30:50.127		158.420			4
2026.01.23	01:30:51.385	158.426	158.428			6
2026.01.23	01:30:52.306	158.424				2
2026.01.23	01:30:53.381	158.425				2
2026.01.23	01:30:54.446	158.431	158.434			6
2026.01.23	01:30:54.758	158.430	158.436			6
2026.01.23	01:30:55.071	158.429	158.434			6
2026.01.23	01:30:58.322	158.425	158.428			6
2026.01.23	01:30:58.638	158.426	158.431			6
2026.01.23	01:31:00.402	158.425	158.429			6
2026.01.23	01:31:02.578	158.426				2
2026.01.23	01:31:03.194	158.421	158.422			6
2026.01.23	01:31:03.499		158.423			4
2026.01.23	01:31:03.814	158.420	158.424			6
2026.01.23	01:31:04.126	158.421	158.425			6
2026.01.23	01:31:04.899	158.419	158.424			6
2026.01.23	01:31:05.216	158.420				2
2026.01.23	01:31:05.855	158.419				2
2026.01.23	01:31:06.158		158.423			4
2026.01.23	01:31:06.797	158.412	158.417			6
2026.01.23	01:31:07.099		158.414			4
2026.01.23	01:31:07.417		158.415			4
2026.01.23	01:31:07.718	158.411				2
2026.01.23	01:31:08.020	158.412				2
2026.01.23	01:31:10.317	158.413				2
2026.01.23	01:31:10.623	158.412				2
2026.01.23	01:31:11.932		158.414			4
2026.01.23	01:31:12.940	158.418	158.419			6
2026.01.23	01:31:13.242	158.419	158.420			6
2026.01.23	01:31:13.856	158.418	158.419			6
2026.01.23	01:31:14.332	158.413	158.414			6
2026.01.23	01:31:14.689		158.415			4
2026.01.23	01:31:15.351		158.414			4
2026.01.23	01:31:16.273	158.412				2
2026.01.23	01:31:16.578	158.413				2
2026.01.23	01:31:18.482	158.412				2
2026.01.23	01:31:18.785	158.413				2
2026.01.23	01:31:20.322	158.412	158.413			6
2026.01.23	01:31:20.626	158.411				2
2026.01.23	01:31:21.237	158.412				2
2026.01.23	01:31:22.470	158.411	158.412			6
2026.01.23	01:31:22.776	158.412	158.413			6
2026.01.23	01:31:29.814	158.411	158.412			6
2026.01.23	01:31:30.116	158.412	158.413			6
2026.01.23	01:31:34.100	158.411	158.412			6
2026.01.23	01:31:34.406	158.412	158.413			6
2026.01.23	01:31:35.638	158.411	158.412			6
2026.01.23	01:31:38.716	158.412	158.413			6
2026.01.23	01:31:39.020	158.411	158.412			6
2026.01.23	01:31:39.938	158.412	158.413			6
2026.01.23	01:31:40.241	158.411	158.412			6
2026.01.23	01:31:41.773	158.412	158.413			6
2026.01.23	01:31:42.082	158.411	158.412			6
2026.01.23	01:31:48.231	158.412	158.413			6
2026.01.23	01:31:48.535	158.411	158.412			6
2026.01.23	01:31:53.138	158.412	158.413			6
2026.01.23	01:31:53.751	158.411	158.412			6
2026.01.23	01:31:54.673	158.412	158.413			6
2026.01.23	01:31:54.977	158.411	158.412			6
2026.01.23	01:31:55.901	158.413	158.414			6
2026.01.23	01:31:56.207	158.411	158.412			6
2026.01.23	01:31:56.514	158.413	158.414			6
2026.01.23	01:31:56.819	158.411	158.412			6
2026.01.23	01:31:57.430	158.412	158.413			6
2026.01.23	01:31:57.732	158.413	158.414			6
2026.01.23	01:31:58.038	158.411	158.412			6
2026.01.23	01:31:58.352	158.412	158.413			6
2026.01.23	01:31:58.657	158.411	158.412			6
2026.01.23	01:31:58.964	158.413	158.414			6
2026.01.23	01:31:59.273	158.409	158.410			6
2026.01.23	01:31:59.585	158.410	158.411			6
2026.01.23	01:31:59.894	158.411	158.412			6
2026.01.23	01:32:00.197	158.412	158.413			6
2026.01.23	01:32:00.803	158.413	158.414			6
2026.01.23	01:32:01.109	158.412	158.413			6
2026.01.23	01:32:07.867	158.413	158.414			6
2026.01.23	01:32:08.171	158.412	158.413			6
2026.01.23	01:32:08.479	158.413	158.414			6
2026.01.23	01:32:08.788	158.412	158.413			6
2026.01.23	01:32:09.090	158.413	158.414			6
2026.01.23	01:32:09.399	158.412	158.413			6
2026.01.23	01:32:10.320	158.411	158.412			6
2026.01.23	01:32:12.775	158.413	158.414			6
2026.01.23	01:32:13.390	158.411	158.415			6
2026.01.23	01:32:14.618	158.412	158.416			6
2026.01.23	01:32:14.931	158.411	158.415			6
2026.01.23	01:32:16.183	158.412				2
2026.01.23	01:32:16.497	158.411	158.414			6
2026.01.23	01:32:16.805	158.412	158.415			6
2026.01.23	01:32:18.083	158.411	158.414			6
2026.01.23	01:32:18.392	158.412				2
2026.01.23	01:32:19.012	158.413	158.415			6
2026.01.23	01:32:19.329		158.414			4
2026.01.23	01:32:31.602	158.415	158.416			6
2026.01.23	01:32:31.907	158.417	158.418			6
2026.01.23	01:32:32.212	158.415	158.419			6
2026.01.23	01:32:34.369	158.416				2
2026.01.23	01:32:35.007	158.415	158.418			6
2026.01.23	01:32:36.238		158.417			4
2026.01.23	01:32:38.096	158.416				2
2026.01.23	01:32:43.646	158.417	158.418			6
2026.01.23	01:32:44.254	158.416	158.417			6
2026.01.23	01:32:44.562	158.417	158.418			6
2026.01.23	01:32:46.712	158.416	158.417			6
2026.01.23	01:32:47.937	158.417	158.418			6
2026.01.23	01:32:51.022	158.416	158.417			6
2026.01.23	01:33:00.237	158.416				2
2026.01.23	01:33:00.552	158.414	158.415			6
2026.01.23	01:33:03.325	158.413	158.414			6
2026.01.23	01:33:09.150	158.414	158.415			6
2026.01.23	01:33:09.466	158.413	158.414			6
2026.01.23	01:33:10.678	158.412	158.413			6
2026.01.23	01:33:10.988	158.411	158.412			6
2026.01.23	01:33:11.298	158.410				2
2026.01.23	01:33:11.602	158.420	158.422			6
2026.01.23	01:33:12.227		158.423			4
2026.01.23	01:33:13.734	158.419	158.424			6
2026.01.23	01:33:14.893	158.420				2
2026.01.23	01:33:17.189	158.419				2
2026.01.23	01:33:23.403		158.423			4
2026.01.23	01:33:25.262	158.420				2
2026.01.23	01:33:26.216		158.422			4
2026.01.23	01:33:27.137	158.421				2
2026.01.23	01:33:36.380	158.428	158.429			6
2026.01.23	01:33:36.691	158.431	158.432			6
2026.01.23	01:33:37.304	158.430	158.435			6
2026.01.23	01:33:38.809	158.429				2
2026.01.23	01:33:39.252	158.430				2
2026.01.23	01:33:40.895	158.429				2
2026.01.23	01:33:44.396		158.434			4
2026.01.23	01:33:46.245		158.433			4
2026.01.23	01:33:48.126	158.430				2
2026.01.23	01:33:48.431	158.429	158.432			6
2026.01.23	01:33:50.309		158.431			4
2026.01.23	01:33:51.224	158.430				2
2026.01.23	01:33:53.062	158.424	158.425			6
2026.01.23	01:33:53.367	158.422	158.426			6
2026.01.23	01:33:53.687	158.420	158.424			6
2026.01.23	01:33:54.006	158.422				2
2026.01.23	01:33:54.325		158.425			4
2026.01.23	01:33:59.387		158.424			4
2026.01.23	01:34:00.005	158.422				2
2026.01.23	01:34:00.310	158.423				2
2026.01.23	01:34:01.835	158.422	158.423			6
2026.01.23	01:34:03.372	158.423	158.424			6
2026.01.23	01:34:04.606	158.422	158.423			6
2026.01.23	01:34:04.916	158.423	158.424			6
2026.01.23	01:34:06.161	158.422	158.423			6
2026.01.23	01:34:07.697	158.423	158.424			6
2026.01.23	01:34:09.557	158.421	158.422			6
2026.01.23	01:34:10.473	158.422	158.423			6
2026.01.23	01:34:11.706	158.423	158.424			6
2026.01.23	01:34:13.261	158.422	158.423			6
2026.01.23	01:34:14.493	158.426	158.427			6
2026.01.23	01:34:15.107	158.425	158.429			6
2026.01.23	01:34:16.352	158.426				2
2026.01.23	01:34:16.671		158.428			4
2026.01.23	01:34:16.977	158.427	158.430			6
2026.01.23	01:34:17.283	158.428	158.431			6
2026.01.23	01:34:18.198	158.429	158.430			6
2026.01.23	01:34:27.124	158.428	158.429			6
2026.01.23	01:34:27.425	158.427	158.428			6
2026.01.23	01:34:30.474	158.426	158.427			6
2026.01.23	01:34:33.228	158.427	158.428			6
2026.01.23	01:34:33.846	158.428	158.429			6
2026.01.23	01:34:35.374	158.427	158.428			6
2026.01.23	01:34:35.679	158.428	158.429			6
2026.01.23	01:34:36.604	158.427	158.428			6
2026.01.23	01:34:41.215	158.428	158.429			6
2026.01.23	01:34:42.130	158.427	158.428			6
2026.01.23	01:34:43.354	158.426	158.427			6
2026.01.23	01:34:43.664	158.425	158.426			6
2026.01.23	01:34:43.970	158.433	158.434			6
2026.01.23	01:34:44.279	158.436	158.437			6
2026.01.23	01:34:45.192	158.435	158.439			6
2026.01.23	01:34:48.292		158.438			4
2026.01.23	01:34:53.144	158.434				2
2026.01.23	01:34:55.388	158.436				2
2026.01.23	01:34:56.014		158.439			4
2026.01.23	01:34:56.333		158.438			4
2026.01.23	01:34:57.249		158.439			4
2026.01.23	01:34:58.180		158.438			4
2026.01.23	01:34:59.101	158.437				2
2026.01.23	01:35:00.017	158.436	158.437			6
2026.01.23	01:35:02.459	158.435	158.436			6
2026.01.23	01:35:02.761	158.437	158.438			6
2026.01.23	01:35:03.063	158.436	158.437			6
2026.01.23	01:35:07.374	158.435	158.436			6
2026.01.23	01:35:08.599	158.436	158.437			6
2026.01.23	01:35:10.447	158.435	158.436			6
2026.01.23	01:35:16.586	158.436	158.437			6
2026.01.23	01:35:31.583	158.434	158.435			6
2026.01.23	01:35:39.249	158.435	158.436			6
2026.01.23	01:35:44.156	158.436	158.437			6
2026.01.23	01:35:48.131	158.435	158.436			6
2026.01.23	01:35:52.123	158.434	158.435			6
2026.01.23	01:35:54.572	158.433	158.434			6
2026.01.23	01:35:59.452	158.432	158.433			6
2026.01.23	01:35:59.763	158.431	158.432			6
2026.01.23	01:36:00.069	158.431				2
2026.01.23	01:36:02.213		158.433			4
2026.01.23	01:36:03.148		158.432			4
2026.01.23	01:36:04.081	158.432	158.433			6
2026.01.23	01:36:09.312	158.433	158.434			6
2026.01.23	01:36:10.229	158.432	158.435			6
2026.01.23	01:36:11.159	158.433	158.434			6
2026.01.23	01:36:11.475		158.435			4
2026.01.23	01:36:13.363		158.434			4
2026.01.23	01:36:29.937	158.434	158.435			6
2026.01.23	01:36:31.156	158.433	158.434			6
2026.01.23	01:36:53.387	158.434	158.435			6
2026.01.23	01:36:59.820	158.435	158.436			6
2026.01.23	01:37:00.129	158.435				2
2026.01.23	01:37:01.663	158.436	158.437			6
2026.01.23	01:37:02.271	158.435	158.436			6
2026.01.23	01:37:14.201	158.436	158.437			6
2026.01.23	01:37:15.117	158.435				2
2026.01.23	01:37:16.685	158.434	158.436			6
2026.01.23	01:37:17.304		158.437			4
2026.01.23	01:37:18.857	158.435	158.438			6
2026.01.23	01:37:19.171		158.437			4
2026.01.23	01:37:20.400	158.434				2
2026.01.23	01:37:20.716	158.435	158.438			6
2026.01.23	01:37:21.331		158.437			4
2026.01.23	01:37:21.645	158.432	158.434			6
2026.01.23	01:37:21.959	158.420	158.422			6
2026.01.23	01:37:22.287	158.419	158.425			6
2026.01.23	01:37:25.481	158.418	158.424			6
2026.01.23	01:37:31.190		158.423			4
2026.01.23	01:37:32.756	158.419	158.424			6
2026.01.23	01:37:33.065		158.423			4
2026.01.23	01:37:33.701	158.420				2
2026.01.23	01:37:34.007	158.419				2
2026.01.23	01:37:37.401		158.422			4
2026.01.23	01:37:37.717	158.420	158.423			6
2026.01.23	01:37:38.037	158.419	158.422			6
2026.01.23	01:37:38.997	158.420	158.423			6
2026.01.23	01:37:39.305		158.422			4
2026.01.23	01:37:41.191	158.421				2
2026.01.23	01:37:45.501	158.420	158.421			6
2026.01.23	01:37:46.734	158.419	158.420			6
2026.01.23	01:37:47.044	158.413	158.414			6
2026.01.23	01:37:47.662	158.411	158.412			6
2026.01.23	01:37:48.282	158.409	158.415			6
2026.01.23	01:37:49.212	158.410				2
2026.01.23	01:37:51.400		158.414			4
2026.01.23	01:37:52.985	158.411	158.415			6
2026.01.23	01:37:53.288		158.414			4
2026.01.23	01:37:53.602	158.412	158.415			6
2026.01.23	01:37:53.911	158.411	158.414			6
2026.01.23	01:37:54.855	158.410	158.413			6
2026.01.23	01:37:55.164	158.411				2
2026.01.23	01:37:56.403	158.410	158.412			6
2026.01.23	01:37:57.021	158.411	158.413			6
2026.01.23	01:37:57.327		158.412			4
2026.01.23	01:38:00.094	158.411				2
2026.01.23	01:38:01.023	158.410	158.411			6
2026.01.23	01:38:03.476	158.412	158.413			6
2026.01.23	01:38:05.336	158.413	158.414			6
2026.01.23	01:38:09.347	158.412	158.413			6
2026.01.23	01:38:09.654	158.413	158.414			6
2026.01.23	01:38:11.814	158.412	158.413			6
2026.01.23	01:38:17.331	158.413	158.414			6
2026.01.23	01:38:23.140	158.412	158.413			6
2026.01.23	01:38:24.981	158.413	158.414			6
2026.01.23	01:38:25.288	158.410	158.411			6
2026.01.23	01:38:25.604	158.409	158.410			6
2026.01.23	01:38:31.131	158.408	158.409			6
2026.01.23	01:38:31.436	158.409	158.410			6
2026.01.23	01:38:32.042	158.408	158.409			6
2026.01.23	01:38:36.946	158.411	158.412			6
2026.01.23	01:38:37.251	158.413	158.414			6
2026.01.23	01:38:38.172	158.412	158.415			6
2026.01.23	01:38:38.793	158.411				2
2026.01.23	01:38:39.099	158.412				2
2026.01.23	01:38:40.345	158.411	158.414			6
2026.01.23	01:38:40.663	158.410	158.413			6
2026.01.23	01:38:41.590	158.409	158.412			6
2026.01.23	01:38:42.211	158.408	158.413			6
2026.01.23	01:38:43.138	158.409				2
2026.01.23	01:38:43.757	158.410	158.414			6
2026.01.23	01:38:44.377		158.415			4
2026.01.23	01:38:45.302		158.414			4
2026.01.23	01:38:46.226	158.411				2
2026.01.23	01:38:47.151		158.413			4
2026.01.23	01:38:48.400	158.412				2
2026.01.23	01:38:54.547	158.413	158.414			6
2026.01.23	01:39:00.064	158.413				2
2026.01.23	01:39:08.625	158.412	158.413			6
2026.01.23	01:39:11.679	158.414	158.415			6
2026.01.23	01:39:18.462	158.413	158.414			6
2026.01.23	01:39:20.313	158.412	158.413			6
2026.01.23	01:40:00.287	158.412				2
2026.01.23	01:40:00.595	158.411	158.412			6
2026.01.23	01:40:01.206	158.410	158.413			6
2026.01.23	01:40:01.826	158.408	158.411			6
2026.01.23	01:40:02.137	158.407	158.413			6
2026.01.23	01:40:05.146	158.406	158.412			6
2026.01.23	01:40:06.397		158.411			4
2026.01.23	01:40:11.069	158.407	158.412			6
2026.01.23	01:40:13.248	158.410	158.414			6
2026.01.23	01:40:14.188	158.409	158.415			6
2026.01.23	01:40:15.142	158.410				2
2026.01.23	01:40:15.832	158.411	158.417			6
2026.01.23	01:40:17.119		158.416			4
2026.01.23	01:40:17.723		158.417			4
2026.01.23	01:40:18.025		158.416			4
2026.01.23	01:40:20.177	158.412				2
2026.01.23	01:40:20.817	158.411	158.415			6
2026.01.23	01:40:21.139	158.412				2
2026.01.23	01:40:22.686	158.413	158.416			6
2026.01.23	01:40:24.227		158.415			4
2026.01.23	01:40:25.167	158.414				2
2026.01.23	01:40:27.325	158.413	158.414			6
2026.01.23	01:40:27.635	158.414	158.415			6
2026.01.23	01:40:29.466	158.413	158.414			6
2026.01.23	01:40:35.588	158.414	158.415			6
2026.01.23	01:40:35.894	158.413	158.414			6
2026.01.23	01:40:48.177	158.414	158.415			6
2026.01.23	01:40:49.396	158.413	158.414			6
2026.01.23	01:40:52.767	158.412	158.413			6
2026.01.23	01:40:54.304		158.414			4
2026.01.23	01:40:54.740	158.414	158.415			6
2026.01.23	01:40:55.658	158.413				2
2026.01.23	01:40:56.472	158.414				2
2026.01.23	01:40:57.754	158.413				2
2026.01.23	01:40:59.044	158.412				2
2026.01.23	01:41:00.671	158.412				2
2026.01.23	01:41:02.403		158.414			4
2026.01.23	01:41:04.254		158.413			4
2026.01.23	01:41:05.803	158.418	158.419			6
2026.01.23	01:41:07.333	158.419	158.422			6
2026.01.23	01:41:08.586	158.418				2
2026.01.23	01:41:10.813	158.419				2
2026.01.23	01:41:12.151	158.418				2
2026.01.23	01:41:15.116		158.421			4
2026.01.23	01:41:18.231		158.420			4
2026.01.23	01:41:18.550	158.419				2
2026.01.23	01:41:24.385	158.418	158.419			6
2026.01.23	01:41:25.000	158.425	158.426			6
2026.01.23	01:41:25.312	158.426	158.427			6
2026.01.23	01:41:26.227		158.430			4
2026.01.23	01:41:29.653	158.425				2
2026.01.23	01:41:33.415		158.429			4
2026.01.23	01:41:36.227		158.428			4
2026.01.23	01:41:38.100		158.427			4
2026.01.23	01:41:40.242	158.426				2
2026.01.23	01:41:40.854	158.427	158.428			6
2026.01.23	01:41:41.773	158.426	158.427			6
2026.01.23	01:41:44.207	158.427	158.428			6
2026.01.23	01:41:56.473	158.426	158.427			6
2026.01.23	01:42:00.163	158.426				2
2026.01.23	01:42:01.390	158.422	158.423			6
2026.01.23	01:42:02.001	158.421	158.422			6
2026.01.23	01:42:02.312	158.422	158.423			6
2026.01.23	01:42:02.619	158.423	158.424			6
2026.01.23	01:42:03.871	158.422				2
2026.01.23	01:42:04.186		158.423			4
2026.01.23	01:42:04.493	158.423	158.424			6
2026.01.23	01:42:06.356	158.422	158.423			6
2026.01.23	01:42:11.255	158.420	158.421			6
2026.01.23	01:42:21.721	158.422	158.423			6
2026.01.23	01:42:22.031	158.423	158.424			6
2026.01.23	01:42:22.956	158.422	158.423			6
2026.01.23	01:42:30.926	158.423	158.424			6
2026.01.23	01:42:31.548	158.422	158.423			6
2026.01.23	01:42:40.096	158.421	158.422			6
2026.01.23	01:42:40.399	158.422	158.423			6
2026.01.23	01:42:40.701	158.423	158.424			6
2026.01.23	01:42:45.323	158.422	158.423			6
2026.01.23	01:42:45.630	158.423	158.424			6
2026.01.23	01:42:56.381	158.430	158.431			6
2026.01.23	01:42:57.300		158.435			4
2026.01.23	01:42:58.035	158.431				2
2026.01.23	01:43:00.068	158.431				2
2026.01.23	01:43:01.304	158.429	158.433			6
2026.01.23	01:43:03.527		158.432			4
2026.01.23	01:43:04.467	158.424	158.428			6
2026.01.23	01:43:04.771		158.427			4
2026.01.23	01:43:05.388		158.428			4
2026.01.23	01:43:05.693	158.423				2
2026.01.23	01:43:06.777	158.424				2
2026.01.23	01:43:08.401		158.427			4
2026.01.23	01:43:09.958	158.423				2
2026.01.23	01:43:10.275		158.426			4
2026.01.23	01:43:12.147	158.424	158.425			6
2026.01.23	01:43:12.461	158.423	158.426			6
2026.01.23	01:43:13.084	158.424				2
2026.01.23	01:43:15.591	158.423	158.424			6
2026.01.23	01:43:30.617	158.422	158.423			6
2026.01.23	01:43:31.237	158.423	158.424			6
2026.01.23	01:43:33.080	158.425	158.426			6
2026.01.23	01:43:33.382	158.423	158.424			6
2026.01.23	01:43:34.305	158.422	158.423			6
2026.01.23	01:43:39.530	158.423	158.424			6
2026.01.23	01:43:51.188	158.422	158.423			6
2026.01.23	01:43:56.717	158.423	158.424			6
2026.01.23	01:44:00.090	158.423				2
2026.01.23	01:44:00.399	158.422	158.423			6
2026.01.23	01:44:05.328	158.423	158.424			6
2026.01.23	01:44:30.456	158.425	158.426			6
2026.01.23	01:44:30.758	158.426	158.427			6
2026.01.23	01:44:31.365		158.428			4
2026.01.23	01:44:32.304		158.429			4
2026.01.23	01:44:33.394	158.425	158.428			6
2026.01.23	01:44:39.272		158.427			4
2026.01.23	01:44:42.369	158.426				2
2026.01.23	01:45:00.175	158.426				2
2026.01.23	01:45:00.488	158.423	158.424			6
2026.01.23	01:45:01.101	158.422	158.428			6
2026.01.23	01:45:01.408	158.413	158.418			6
2026.01.23	01:45:01.739		158.417			4
2026.01.23	01:45:02.052	158.412				2
2026.01.23	01:45:04.881	158.417	158.421			6
2026.01.23	01:45:05.190	158.418	158.422			6
2026.01.23	01:45:07.389	158.415	158.420			6
2026.01.23	01:45:07.708	158.413	158.418			6
2026.01.23	01:45:08.161	158.414	158.419			6
2026.01.23	01:45:09.114		158.418			4
2026.01.23	01:45:10.362	158.422	158.424			6
2026.01.23	01:45:10.685		158.425			4
2026.01.23	01:45:11.303	158.421				2
2026.01.23	01:45:11.609	158.422				2
2026.01.23	01:45:15.063		158.424			4
2026.01.23	01:45:16.306		158.423			4
2026.01.23	01:45:18.155	158.421	158.422			6
2026.01.23	01:45:21.265	158.419	158.420			6
2026.01.23	01:45:21.889	158.416	158.418			6
2026.01.23	01:45:22.192	158.412	158.414			6
2026.01.23	01:45:23.117		158.415			4
2026.01.23	01:45:24.358		158.414			4
2026.01.23	01:45:25.279	158.411				2
2026.01.23	01:45:29.012	158.412				2
2026.01.23	01:45:29.317	158.411	158.413			6
2026.01.23	01:45:30.246		158.412			4
2026.01.23	01:45:31.164	158.412	158.413			6
2026.01.23	01:45:31.784	158.413	158.414			6
2026.01.23	01:45:34.238	158.412	158.413			6
2026.01.23	01:45:36.392	158.411	158.412			6
2026.01.23	01:45:39.450	158.410	158.411			6
2026.01.23	01:45:39.752	158.408	158.409			6
2026.01.23	01:45:40.666	158.407	158.408			6
2026.01.23	01:45:41.585	158.408	158.409			6
2026.01.23	01:45:43.114	158.410	158.411			6
2026.01.23	01:45:43.416	158.411	158.412			6
2026.01.23	01:45:46.801	158.412	158.413			6
2026.01.23	01:45:49.856	158.411	158.412			6
2026.01.23	01:45:50.777	158.412	158.413			6
2026.01.23	01:45:51.078	158.411	158.412			6
2026.01.23	01:45:57.517	158.412	158.413			6
2026.01.23	01:46:00.263	158.417	158.418			6
2026.01.23	01:46:00.567	158.418	158.419			6
2026.01.23	01:46:00.871	158.419	158.420			6
2026.01.23	01:46:01.179		158.421			4
2026.01.23	01:46:01.495		158.420			4
2026.01.23	01:46:01.800		158.421			4
2026.01.23	01:46:02.112		158.420			4
2026.01.23	01:46:06.448	158.416	158.417			6
2026.01.23	01:46:06.760	158.415	158.416			6
2026.01.23	01:46:07.377		158.418			4
2026.01.23	01:46:10.186		158.417			4
2026.01.23	01:46:10.491	158.414				2
2026.01.23	01:46:11.111		158.416			4
2026.01.23	01:46:12.349	158.415				2
2026.01.23	01:46:14.490	158.417	158.418			6
2026.01.23	01:46:15.105	158.416	158.419			6
2026.01.23	01:46:16.345	158.417				2
2026.01.23	01:46:17.277		158.418			4
2026.01.23	01:46:17.891	158.418	158.419			6
2026.01.23	01:46:18.496	158.415	158.416			6
2026.01.23	01:46:19.117		158.418			4
2026.01.23	01:46:20.053	158.414				2
2026.01.23	01:46:20.362	158.411	158.413			6
2026.01.23	01:46:21.279		158.416			4
2026.01.23	01:46:23.387		158.415			4
2026.01.23	01:46:24.320		158.414			4
2026.01.23	01:46:27.123		158.413			4
2026.01.23	01:46:28.348	158.412				2
2026.01.23	01:46:28.968	158.413	158.414			6
2026.01.23	01:46:29.275	158.414	158.415			6
2026.01.23	01:46:30.192	158.413				2
2026.01.23	01:46:31.138	158.414				2
2026.01.23	01:46:31.452	158.415	158.416			6
2026.01.23	01:46:34.222	158.416	158.417			6
2026.01.23	01:46:34.524	158.414	158.415			6
2026.01.23	01:46:34.828	158.418	158.419			6
2026.01.23	01:46:36.055	158.423	158.424			6
2026.01.23	01:46:36.360	158.421	158.427			6
2026.01.23	01:46:37.417		158.426			4
2026.01.23	01:46:39.148		158.425			4
2026.01.23	01:46:39.468		158.426			4
2026.01.23	01:46:39.774	158.422				2
2026.01.23	01:46:40.391		158.425			4
2026.01.23	01:46:42.257	158.423	158.424			6
2026.01.23	01:46:48.380	158.422	158.423			6
2026.01.23	01:46:48.690	158.421	158.422			6
2026.01.23	01:47:00.036	158.421				2
2026.01.23	01:47:00.652	158.423	158.424			6
2026.01.23	01:47:01.273	158.427	158.428			6
2026.01.23	01:47:01.587	158.437	158.438			6
2026.01.23	01:47:01.895	158.447	158.448			6
2026.01.23	01:47:02.203		158.452			4
2026.01.23	01:47:02.506	158.448	158.453			6
2026.01.23	01:47:03.131		158.452			4
2026.01.23	01:47:03.843	158.457	158.462			6
2026.01.23	01:47:04.161	158.456				2
2026.01.23	01:47:04.482	158.457				2
2026.01.23	01:47:04.784		158.461			4
2026.01.23	01:47:05.710	158.462	158.467			6
2026.01.23	01:47:06.019	158.459	158.464			6
2026.01.23	01:47:06.338	158.460	158.465			6
2026.01.23	01:47:10.959	158.461	158.466			6
2026.01.23	01:47:11.301		158.465			4
2026.01.23	01:47:12.548	158.458	158.462			6
2026.01.23	01:47:14.417	158.461	158.465			6
2026.01.23	01:47:14.726		158.466			4
2026.01.23	01:47:15.309		158.464			4
2026.01.23	01:47:15.618		158.465			4
2026.01.23	01:47:15.926	158.462	158.466			6
2026.01.23	01:47:17.166		158.465			4
2026.01.23	01:47:18.093	158.461	158.464			6
2026.01.23	01:47:19.338		158.463			4
2026.01.23	01:47:20.255	158.462				2
2026.01.23	01:47:21.481	158.463	158.464			6
2026.01.23	01:47:22.698	158.462	158.463			6
2026.01.23	01:47:23.608	158.463	158.464			6
2026.01.23	01:47:30.664	158.462	158.463			6
2026.01.23	01:47:30.971	158.463	158.464			6
2026.01.23	01:47:31.582	158.462	158.463			6
2026.01.23	01:47:31.891	158.461	158.462			6
2026.01.23	01:47:32.501	158.470	158.471			6
2026.01.23	01:47:32.807	158.478	158.479			6
2026.01.23	01:47:33.119	158.488	158.489			6
2026.01.23	01:47:33.424	158.482	158.487			6
2026.01.23	01:47:33.740	158.483	158.488			6
2026.01.23	01:47:34.045	158.484				2
2026.01.23	01:47:34.937	158.483				2
2026.01.23	01:47:35.239	158.484				2
2026.01.23	01:47:35.583	158.485	158.490			6
2026.01.23	01:47:36.251		158.491			4
2026.01.23	01:47:36.981		158.490			4
2026.01.23	01:47:37.368	158.489	158.494			6
2026.01.23	01:47:38.485	158.486	158.491			6
2026.01.23	01:47:39.154	158.482	158.487			6
2026.01.23	01:47:39.459	158.484	158.488			6
2026.01.23	01:47:39.823	158.482	158.487			6
2026.01.23	01:47:42.005	158.475	158.480			6
2026.01.23	01:47:42.322		158.479			4
2026.01.23	01:47:42.626		158.480			4
2026.01.23	01:47:43.240		158.479			4
2026.01.23	01:47:43.866		158.480			4
2026.01.23	01:47:44.169		158.479			4
2026.01.23	01:47:44.783		158.478			4
2026.01.23	01:47:46.024	158.476				2
2026.01.23	01:47:46.340	158.475	158.477			6
2026.01.23	01:47:48.193	158.474	158.475			6
2026.01.23	01:47:48.800	158.475	158.476			6
2026.01.23	01:47:49.102	158.476	158.477			6
2026.01.23	01:47:50.652	158.482	158.483			6
2026.01.23	01:47:50.956	158.484	158.485			6
2026.01.23	01:47:51.264	158.481	158.484			6
2026.01.23	01:47:51.567	158.482	158.485			6
2026.01.23	01:47:51.874	158.476	158.479			6
2026.01.23	01:47:52.184	158.475				2
2026.01.23	01:47:52.800	158.477	158.481			6
2026.01.23	01:47:53.104		158.480			4
2026.01.23	01:47:54.657	158.483	158.486			6
2026.01.23	01:47:55.289	158.475	158.478			6
2026.01.23	01:47:56.520	158.471	158.474			6
2026.01.23	01:47:57.146	158.462	158.467			6
2026.01.23	01:47:57.462	158.460	158.464			6
2026.01.23	01:47:57.764	158.459				2
2026.01.23	01:48:00.248	158.458	158.463			6
2026.01.23	01:48:01.319		158.462			4
2026.01.23	01:48:01.631	158.457	158.461			6
2026.01.23	01:48:02.251	158.458				2
2026.01.23	01:48:03.182		158.460			4
2026.01.23	01:48:04.097	158.459				2
2026.01.23	01:48:04.401	158.450	158.451			6
2026.01.23	01:48:05.015	158.451	158.452			6
2026.01.23	01:48:05.324	158.446	158.447			6
2026.01.23	01:48:05.634	158.442	158.443			6
2026.01.23	01:48:06.869	158.443	158.444			6
2026.01.23	01:48:07.792	158.444	158.445			6
2026.01.23	01:48:09.015	158.440	158.441			6
2026.01.23	01:48:09.319	158.438	158.439			6
2026.01.23	01:48:09.620	158.436	158.437			6
2026.01.23	01:48:09.936	158.437	158.438			6
2026.01.23	01:48:10.240	158.438	158.439			6
2026.01.23	01:48:11.168	158.437	158.438			6
2026.01.23	01:48:11.781	158.438	158.439			6
2026.01.23	01:48:12.086	158.441	158.442			6
2026.01.23	01:48:12.398	158.444	158.445			6
2026.01.23	01:48:13.312	158.443				2
2026.01.23	01:48:13.626	158.441	158.443			6
2026.01.23	01:48:13.931	158.443	158.445			6
2026.01.23	01:48:14.235	158.442	158.443			6
2026.01.23	01:48:15.771	158.443	158.444			6
2026.01.23	01:48:16.083	158.425	158.426			6
2026.01.23	01:48:16.390	158.414	158.415			6
2026.01.23	01:48:16.693	158.403	158.404			6
2026.01.23	01:48:17.001	158.390	158.391			6
2026.01.23	01:48:17.309	158.394	158.396			6
2026.01.23	01:48:17.618	158.401	158.405			6
2026.01.23	01:48:17.925	158.410	158.412			6
2026.01.23	01:48:18.238	158.411	158.414			6
2026.01.23	01:48:18.571	158.409				2
2026.01.23	01:48:18.879	158.408	158.412			6
2026.01.23	01:48:19.188	158.407				2
2026.01.23	01:48:20.159	158.409				2
2026.01.23	01:48:20.798	158.407	158.411			6
2026.01.23	01:48:21.102	158.399	158.402			6
2026.01.23	01:48:21.404	158.410	158.413			6
2026.01.23	01:48:21.705	158.413	158.415			6
2026.01.23	01:48:22.021	158.410	158.414			6
2026.01.23	01:48:23.070	158.409				2
2026.01.23	01:48:24.420		158.413			4
2026.01.23	01:48:24.730	158.411				2
2026.01.23	01:48:25.040	158.410				2
2026.01.23	01:48:25.983	158.409				2
2026.01.23	01:48:26.292	158.408	158.412			6
2026.01.23	01:48:26.906	158.409				2
2026.01.23	01:48:28.138		158.411			4
2026.01.23	01:48:28.440		158.412			4
2026.01.23	01:48:28.747	158.408				2
2026.01.23	01:48:29.060	158.409				2
2026.01.23	01:48:29.368		158.411			4
2026.01.23	01:48:29.679	158.396	158.398			6
2026.01.23	01:48:29.987	158.395	158.397			6
2026.01.23	01:48:31.228	158.397	158.398			6
2026.01.23	01:48:31.534	158.399	158.401			6
2026.01.23	01:48:32.155	158.402	158.405			6
2026.01.23	01:48:32.460	158.409	158.411			6
2026.01.23	01:48:33.074	158.408				2
2026.01.23	01:48:33.999	158.413	158.415			6
2026.01.23	01:48:34.306	158.412	158.414			6
2026.01.23	01:48:34.609	158.413				2
2026.01.23	01:48:35.223	158.419	158.421			6
2026.01.23	01:48:37.076	158.420				2
2026.01.23	01:48:37.378	158.418	158.420			6
2026.01.23	01:48:37.990	158.420	158.421			6
2026.01.23	01:48:43.193	158.413	158.414			6
2026.01.23	01:48:43.500	158.412	158.413			6
2026.01.23	01:48:44.413	158.411	158.412			6
2026.01.23	01:48:44.726	158.410	158.411			6
2026.01.23	01:48:45.338	158.409	158.410			6
2026.01.23	01:48:45.646	158.410	158.411			6
2026.01.23	01:48:45.953	158.409	158.410			6
2026.01.23	01:48:46.561	158.410	158.411			6
2026.01.23	01:48:47.167	158.413	158.414			6
2026.01.23	01:48:47.474	158.414	158.415			6
2026.01.23	01:48:47.784	158.413	158.414			6
2026.01.23	01:48:48.089	158.420	158.421			6
2026.01.23	01:48:49.010	158.433	158.434			6
2026.01.23	01:48:49.313	158.438	158.439			6
2026.01.23	01:48:50.525		158.440			4
2026.01.23	01:48:50.831	158.436	158.437			6
2026.01.23	01:48:51.139	158.434	158.435			6
2026.01.23	01:48:51.440	158.433	158.434			6
2026.01.23	01:48:51.745	158.434	158.435			6
2026.01.23	01:48:53.588	158.437	158.438			6
2026.01.23	01:48:54.516	158.439	158.440			6
2026.01.23	01:48:55.133	158.444	158.445			6
2026.01.23	01:48:55.436	158.445	158.446			6
2026.01.23	01:48:56.350	158.444	158.445			6
2026.01.23	01:49:00.046	158.444				2
2026.01.23	01:49:01.268	158.439	158.440			6
2026.01.23	01:49:02.180	158.448	158.449			6
2026.01.23	01:49:02.482	158.454	158.455			6
2026.01.23	01:49:04.317	158.455	158.456			6
2026.01.23	01:49:04.627	158.454	158.455			6
2026.01.23	01:49:06.467	158.456	158.457			6
2026.01.23	01:49:07.386	158.455	158.456			6
2026.01.23	01:49:08.930	158.450	158.451			6
2026.01.23	01:49:09.855	158.453	158.454			6
2026.01.23	01:49:10.164	158.454	158.455			6
2026.01.23	01:49:10.777	158.453	158.454			6
2026.01.23	01:49:11.392	158.449	158.450			6
2026.01.23	01:49:11.699	158.450	158.451			6
2026.01.23	01:49:12.313	158.451	158.452			6
2026.01.23	01:49:14.452	158.449	158.450			6
2026.01.23	01:49:19.069	158.462	158.463			6
2026.01.23	01:49:19.377	158.460	158.461			6
2026.01.23	01:49:19.683	158.461	158.462			6
2026.01.23	01:49:20.593	158.462	158.463			6
2026.01.23	01:49:21.515	158.461	158.462			6
2026.01.23	01:49:21.818	158.464	158.465			6
2026.01.23	01:49:22.425	158.463	158.464			6
2026.01.23	01:49:22.731	158.464	158.465			6
2026.01.23	01:49:23.040	158.471	158.472			6
2026.01.23	01:49:23.350	158.472	158.473			6
2026.01.23	01:49:23.964	158.471	158.472			6
2026.01.23	01:49:25.508	158.472	158.473			6
2026.01.23	01:49:26.433	158.471	158.472			6
2026.01.23	01:49:30.718	158.473	158.474			6
2026.01.23	01:49:31.027	158.474	158.475			6
2026.01.23	01:49:31.331	158.473	158.474			6
2026.01.23	01:49:31.948	158.472	158.473			6
2026.01.23	01:49:33.799	158.473	158.474			6
2026.01.23	01:49:34.716	158.472	158.473			6
2026.01.23	01:49:37.151	158.464	158.465			6
2026.01.23	01:49:37.455	158.462	158.463			6
2026.01.23	01:49:40.529	158.463	158.464			6
2026.01.23	01:49:41.139	158.464	158.465			6
2026.01.23	01:49:44.829	158.463	158.464			6
2026.01.23	01:49:46.052	158.465	158.466			6
2026.01.23	01:49:47.576	158.464	158.465			6
2026.01.23	01:49:50.630	158.466	158.467			6
2026.01.23	01:49:51.548	158.467	158.468			6
2026.01.23	01:49:51.856	158.475	158.476			6
2026.01.23	01:49:52.162	158.474	158.475			6
2026.01.23	01:49:53.071	158.473	158.474			6
2026.01.23	01:49:53.681	158.472	158.473			6
2026.01.23	01:49:55.523	158.471	158.472			6
2026.01.23	01:49:55.830	158.473	158.474			6
2026.01.23	01:49:56.138	158.474	158.475			6
2026.01.23	01:49:57.685	158.475	158.476			6
2026.01.23	01:49:57.991	158.476	158.477			6
2026.01.23	01:49:59.220	158.477	158.478			6
2026.01.23	01:49:59.526	158.476	158.477			6
2026.01.23	01:50:00.137	158.476				2
2026.01.23	01:50:01.680	158.474	158.475			6
2026.01.23	01:50:02.601	158.475	158.476			6
2026.01.23	01:50:02.903	158.474	158.475			6
2026.01.23	01:50:03.209	158.475	158.476			6
2026.01.23	01:50:03.823	158.474	158.475			6
2026.01.23	01:50:05.058	158.475	158.476			6
2026.01.23	01:50:05.982	158.474	158.475			6
2026.01.23	01:50:06.903	158.475	158.476			6
2026.01.23	01:50:07.215	158.474	158.475			6
2026.01.23	01:50:07.519	158.475	158.476			6
2026.01.23	01:50:08.435	158.474	158.475			6
2026.01.23	01:50:09.665	158.473	158.474			6
2026.01.23	01:50:10.284	158.474	158.475			6
2026.01.23	01:50:11.811	158.475	158.476			6
2026.01.23	01:50:12.424	158.474	158.475			6
2026.01.23	01:50:13.042	158.475	158.476			6
2026.01.23	01:50:13.648	158.474	158.475			6
2026.01.23	01:50:14.262	158.475	158.476			6
2026.01.23	01:50:14.577	158.474	158.475			6
2026.01.23	01:50:16.713	158.475	158.476			6
2026.01.23	01:50:17.025	158.474	158.475			6
2026.01.23	01:50:17.334	158.485	158.486			6
2026.01.23	01:50:17.638	158.487	158.488			6
2026.01.23	01:50:18.245	158.486	158.490			6
2026.01.23	01:50:19.114	158.484	158.487			6
2026.01.23	01:50:20.057	158.491	158.492			6
2026.01.23	01:50:20.660	158.490	158.493			6
2026.01.23	01:50:20.965	158.491				2
2026.01.23	01:50:21.583	158.493	158.494			6
2026.01.23	01:50:21.892	158.497	158.498			6
2026.01.23	01:50:22.513	158.498	158.499			6
2026.01.23	01:50:22.829	158.497	158.500			6
2026.01.23	01:50:23.451	158.496	158.499			6
2026.01.23	01:50:23.769	158.495	158.497			6
2026.01.23	01:50:24.379	158.494				2
2026.01.23	01:50:24.698		158.498			4
2026.01.23	01:50:25.330	158.495				2
2026.01.23	01:50:27.798	158.494	158.497			6
2026.01.23	01:50:28.110	158.495				2
2026.01.23	01:50:29.037	158.494	158.496			6
2026.01.23	01:50:29.348	158.495				2
2026.01.23	01:50:31.179	158.496	158.497			6
2026.01.23	01:50:31.790	158.485	158.486			6
2026.01.23	01:50:32.098	158.483	158.484			6
2026.01.23	01:50:33.330	158.480	158.485			6
2026.01.23	01:50:37.401	158.481				2
2026.01.23	01:50:39.269	158.482				2
2026.01.23	01:50:41.123	158.483				2
2026.01.23	01:50:42.364		158.484			4
2026.01.23	01:50:43.896	158.489	158.490			6
2026.01.23	01:50:44.203	158.496	158.497			6
2026.01.23	01:50:44.814	158.495	158.496			6
2026.01.23	01:50:45.117	158.491				2
2026.01.23	01:50:45.719	158.486	158.491			6
2026.01.23	01:50:46.129		158.490			4
2026.01.23	01:50:46.672		158.491			4
2026.01.23	01:50:47.717	158.484	158.488			6
2026.01.23	01:50:49.257	158.485				2
2026.01.23	01:50:49.572	158.491	158.495			6
2026.01.23	01:50:50.191	158.486	158.489			6
2026.01.23	01:50:50.498	158.485				2
2026.01.23	01:50:52.350	158.486				2
2026.01.23	01:50:53.271	158.487				2
2026.01.23	01:50:53.894	158.486	158.490			6
2026.01.23	01:50:54.208	158.487				2
2026.01.23	01:50:55.151	158.488				2
2026.01.23	01:50:56.073	158.487				2
2026.01.23	01:50:56.382	158.488				2
2026.01.23	01:50:57.304		158.489			4
2026.01.23	01:50:57.610	158.489	158.490			6
2026.01.23	01:50:58.523	158.488	158.489			6
2026.01.23	01:50:59.742	158.487	158.488			6
2026.01.23	01:51:00.054	158.488	158.489			6
2026.01.23	01:51:00.666	158.487	158.488			6
2026.01.23	01:51:01.281	158.486	158.487			6
2026.01.23	01:51:04.961	158.484	158.485			6
2026.01.23	01:51:05.885	158.485	158.486			6
2026.01.23	01:51:06.193	158.484	158.485			6
2026.01.23	01:51:06.798	158.485	158.486			6
2026.01.23	01:51:07.107	158.484	158.485			6
2026.01.23	01:51:07.722	158.485	158.486			6
2026.01.23	01:51:09.866	158.484	158.485			6
2026.01.23	01:51:11.714	158.485	158.486			6
2026.01.23	01:51:12.026	158.484	158.485			6
2026.01.23	01:51:13.242	158.485	158.486			6
2026.01.23	01:51:13.554	158.484	158.485			6
2026.01.23	01:51:15.704	158.485	158.486			6
2026.01.23	01:51:16.008	158.487	158.488			6
2026.01.23	01:51:21.211	158.490	158.491			6
2026.01.23	01:51:21.513	158.489	158.490			6
2026.01.23	01:51:21.818	158.491	158.492			6
2026.01.23	01:51:22.118	158.492	158.493			6
2026.01.23	01:51:22.430	158.491	158.492			6
2026.01.23	01:51:24.573	158.490	158.491			6
2026.01.23	01:51:26.103	158.489	158.490			6
2026.01.23	01:51:26.711	158.490	158.491			6
2026.01.23	01:51:29.161	158.491	158.492			6
2026.01.23	01:51:29.773	158.492	158.493			6
2026.01.23	01:51:30.081	158.510	158.511			6
2026.01.23	01:51:30.389	158.509	158.510			6
2026.01.23	01:51:30.692	158.510	158.511			6
2026.01.23	01:51:31.007	158.509	158.510			6
2026.01.23	01:51:31.314	158.497	158.501			6
2026.01.23	01:51:31.952	158.496				2
2026.01.23	01:51:32.442		158.502			4
2026.01.23	01:51:33.161	158.495	158.501			6
2026.01.23	01:51:35.292	158.496				2
2026.01.23	01:51:36.099		158.502			4
2026.01.23	01:51:39.090		158.501			4
2026.01.23	01:51:41.262	158.495	158.499			6
2026.01.23	01:51:41.565		158.500			4
2026.01.23	01:51:42.294		158.499			4
2026.01.23	01:51:42.721		158.500			4
2026.01.23	01:51:43.383		158.499			4
2026.01.23	01:51:44.310	158.496				2
2026.01.23	01:51:45.246		158.498			4
2026.01.23	01:51:46.167	158.497				2
2026.01.23	01:51:47.698	158.496	158.497			6
