<DATE>	<TIME>	<BID>	<ASK>	<LAST>	<VOLUME>	<FLAGS>
2026.01.07	00:03:31.406	156.588	156.659			6
2026.01.07	00:03:39.607	156.585				2
2026.01.07	00:03:49.804	156.602				2
2026.01.07	00:04:01.383	156.602				2
2026.01.07	00:04:20.403	156.588				2
2026.01.07	00:04:22.910	156.585				2
2026.01.07	00:04:31.549		156.659			4
2026.01.07	00:04:58.994	156.602				2
2026.01.07	00:05:00.675	156.602				2
2026.01.07	00:05:30.264	156.588				2
2026.01.07	00:05:38.677	156.590	156.661			6
2026.01.07	00:05:58.177	156.609				2
2026.01.07	00:06:00.537	156.609				2
2026.01.07	00:06:29.227	156.590				2
2026.01.07	00:06:38.787		156.661			4
2026.01.07	00:06:40.341	156.592				2
2026.01.07	00:07:04.931	156.609				2
2026.01.07	00:07:35.332	156.592				2
2026.01.07	00:07:39.643	156.600	156.661			6
2026.01.07	00:07:40.261	156.592				2
2026.01.07	00:07:57.147	156.591				2
2026.01.07	00:08:00.015	156.591				2
2026.01.07	00:08:01.883	156.627	156.682			6
2026.01.07	00:08:09.586		156.696			4
2026.01.07	00:08:10.316		156.682			4
2026.01.07	00:08:30.528	156.628				2
2026.01.07	00:09:00.273	156.628				2
2026.01.07	00:09:10.534	156.629	156.682			6
2026.01.07	00:10:00.311	156.629				2
2026.01.07	00:10:02.571		156.681			4
2026.01.07	00:10:10.224		156.694			4
2026.01.07	00:10:11.607	156.614	156.708			6
2026.01.07	00:10:20.929	156.613	156.707			6
2026.01.07	00:10:37.959	156.614	156.708			6
2026.01.07	00:10:43.830	156.611	156.705			6
2026.01.07	00:10:49.394	156.612	156.706			6
2026.01.07	00:10:55.280	156.613	156.707			6
2026.01.07	00:10:58.689	156.608	156.702			6
2026.01.07	00:10:59.000	156.607	156.701			6
2026.01.07	00:11:00.233	156.608	156.702			6
2026.01.07	00:11:05.187	156.622	156.681			6
2026.01.07	00:11:05.972	156.608	156.702			6
2026.01.07	00:11:06.896	156.622	156.681			6
2026.01.07	00:11:12.147	156.608	156.702			6
2026.01.07	00:11:12.457	156.609	156.703			6
2026.01.07	00:11:13.077	156.621	156.681			6
2026.01.07	00:11:17.558	156.619	156.674			6
2026.01.07	00:11:18.410	156.600	156.694			6
2026.01.07	00:11:19.334	156.622	156.672			6
2026.01.07	00:11:20.263	156.597	156.657			6
2026.01.07	00:11:21.263		156.651			4
2026.01.07	00:11:22.265		156.650			4
2026.01.07	00:11:22.935		156.645			4
2026.01.07	00:11:24.658	156.588	156.687			6
2026.01.07	00:11:25.591	156.597	156.645			6
2026.01.07	00:11:30.524	156.601	156.648			6
2026.01.07	00:11:30.999	156.589	156.683			6
2026.01.07	00:11:31.933	156.601	156.648			6
2026.01.07	00:11:35.476	156.611				2
2026.01.07	00:11:39.171		156.650			4
2026.01.07	00:11:42.291	156.609	156.648			6
2026.01.07	00:11:50.442	156.610				2
2026.01.07	00:11:50.744		156.655			4
2026.01.07	00:11:59.266		156.673			4
2026.01.07	00:12:00.039	156.611				2
2026.01.07	00:12:06.434	156.597				2
2026.01.07	00:12:10.529	156.611				2
2026.01.07	00:12:15.372		156.648			4
2026.01.07	00:12:39.428	156.616	156.668			6
2026.01.07	00:12:45.941		156.684			4
2026.01.07	00:13:00.529	156.617				2
2026.01.07	00:13:04.464	156.615	156.683			6
2026.01.07	00:13:09.429		156.681			4
2026.01.07	00:13:19.076		156.668			4
2026.01.07	00:13:50.140		156.681			4
2026.01.07	00:14:00.528	156.615				2
2026.01.07	00:14:49.624		156.668			4
2026.01.07	00:15:00.460	156.616				2
2026.01.07	00:15:13.742	156.617				2
2026.01.07	00:15:15.377	156.616				2
2026.01.07	00:15:20.531		156.681			4
2026.01.07	00:18:30.843	156.598	156.648			6
2026.01.07	00:19:04.387	156.612	156.673			6
2026.01.07	00:19:19.284		156.675			4
2026.01.07	00:19:22.333		156.673			4
2026.01.07	00:19:23.447		156.656			4
2026.01.07	00:19:33.554	156.598				2
2026.01.07	00:19:39.267	156.600				2
2026.01.07	00:19:49.288	156.612				2
2026.01.07	00:19:54.340		156.672			4
2026.01.07	00:20:01.239	156.612				2
2026.01.07	00:20:18.737		156.674			4
2026.01.07	00:20:20.359	156.598	156.672			6
2026.01.07	00:20:20.747	156.597	156.673			6
2026.01.07	00:20:23.019	156.612				2
2026.01.07	00:20:23.467		156.674			4
2026.01.07	00:20:24.052	156.615				2
2026.01.07	00:20:26.594		156.678			4
2026.01.07	00:20:29.603		156.676			4
2026.01.07	00:20:36.499		156.677			4
2026.01.07	00:21:00.529	156.615				2
2026.01.07	00:21:39.601		156.678			4
2026.01.07	00:21:59.601		156.677			4
2026.01.07	00:22:00.530	156.615				2
2026.01.07	00:22:04.601		156.678			4
2026.01.07	00:22:15.017	156.620	156.682			6
2026.01.07	00:23:00.530	156.620				2
2026.01.07	00:23:03.042	156.621				2
2026.01.07	00:23:20.525		156.682			4
2026.01.07	00:23:47.140	156.622				2
2026.01.07	00:23:49.602		156.683			4
2026.01.07	00:24:00.536	156.622				2
2026.01.07	00:24:50.207		156.683			4
2026.01.07	00:25:00.008	156.622				2
2026.01.07	00:25:03.577	156.616	156.674			6
2026.01.07	00:25:04.341		156.671			4
2026.01.07	00:25:14.602		156.672			4
2026.01.07	00:25:21.347	156.615	156.670			6
2026.01.07	00:25:27.940		156.664			4
2026.01.07	00:25:34.092	156.613	156.658			6
2026.01.07	00:25:36.514		156.657			4
2026.01.07	00:25:39.773	156.608	156.653			6
2026.01.07	00:25:41.742	156.609				2
2026.01.07	00:25:49.981	156.607	156.650			6
2026.01.07	00:25:51.382	156.604	156.647			6
2026.01.07	00:26:00.340	156.604				2
2026.01.07	00:26:01.428	156.599	156.643			6
2026.01.07	00:26:12.323	156.598				2
2026.01.07	00:26:31.298	156.599				2
2026.01.07	00:26:49.524	156.586				2
2026.01.07	00:26:50.272	156.598				2
2026.01.07	00:26:52.473	156.586				2
2026.01.07	00:26:53.223	156.597				2
2026.01.07	00:26:57.715	156.600	156.648			6
2026.01.07	00:26:58.717	156.605				2
2026.01.07	00:26:59.263	156.606				2
2026.01.07	00:27:00.263	156.607				2
2026.01.07	00:27:02.091	156.600				2
2026.01.07	00:27:29.507	156.607				2
2026.01.07	00:28:00.531	156.600	156.648			6
2026.01.07	00:28:02.995	156.601				2
2026.01.07	00:28:10.543	156.602				2
2026.01.07	00:28:30.109	156.608				2
2026.01.07	00:29:00.824	156.603	156.648			6
2026.01.07	00:29:51.310	156.608				2
2026.01.07	00:30:00.382	156.608				2
2026.01.07	00:30:00.883		156.648			4
2026.01.07	00:30:22.406	156.601				2
2026.01.07	00:30:33.341	156.602				2
2026.01.07	00:30:38.714	156.600				2
2026.01.07	00:30:40.207	156.602				2
2026.01.07	00:30:42.548	156.612	156.663			6
2026.01.07	00:30:47.173	156.613				2
2026.01.07	00:31:00.529	156.613				2
2026.01.07	00:31:20.139		156.664			4
2026.01.07	00:31:25.023	156.612				2
2026.01.07	00:31:52.024	156.611				2
2026.01.07	00:32:01.284	156.612				2
2026.01.07	00:32:06.620	156.613				2
2026.01.07	00:32:21.383		156.664			4
2026.01.07	00:32:37.765	156.611				2
2026.01.07	00:32:47.501	156.613				2
2026.01.07	00:33:00.410	156.613				2
2026.01.07	00:33:18.824	156.611				2
2026.01.07	00:33:27.543		156.664			4
2026.01.07	00:33:45.482	156.612				2
2026.01.07	00:33:46.673	156.622	156.676			6
2026.01.07	00:33:48.039	156.621	156.677			6
2026.01.07	00:33:49.204	156.623	156.674			6
2026.01.07	00:33:51.399	156.620	156.673			6
2026.01.07	00:34:03.389	156.615				2
2026.01.07	00:34:41.901		156.674			4
2026.01.07	00:35:01.383	156.615				2
2026.01.07	00:35:04.568		156.673			4
2026.01.07	00:35:11.113		156.674			4
2026.01.07	00:35:30.503		156.673			4
2026.01.07	00:35:33.925		156.674			4
2026.01.07	00:35:36.513	156.614	156.673			6
2026.01.07	00:35:46.686	156.613				2
2026.01.07	00:36:00.375	156.613				2
2026.01.07	00:36:24.480	156.616	156.668			6
2026.01.07	00:36:26.956	156.617	156.669			6
2026.01.07	00:36:31.761	156.616				2
2026.01.07	00:36:42.263	156.613	156.673			6
2026.01.07	00:36:42.763		156.672			4
2026.01.07	00:36:45.641		156.671			4
2026.01.07	00:36:46.694	156.614	156.670			6
2026.01.07	00:36:47.091	156.613	156.672			6
2026.01.07	00:36:52.381		156.671			4
2026.01.07	00:36:54.772		156.672			4
2026.01.07	00:37:00.040	156.613				2
2026.01.07	00:37:12.944		156.671			4
2026.01.07	00:37:34.342		156.672			4
2026.01.07	00:37:34.719		156.671			4
2026.01.07	00:37:57.810		156.672			4
2026.01.07	00:37:58.150		156.671			4
2026.01.07	00:38:01.347	156.613				2
2026.01.07	00:38:03.340		156.670			4
2026.01.07	00:38:10.240		156.671			4
2026.01.07	00:38:15.640		156.670			4
2026.01.07	00:38:20.855		156.668			4
2026.01.07	00:38:21.262		156.670			4
2026.01.07	00:38:23.491		156.669			4
2026.01.07	00:38:33.696	156.612	156.667			6
2026.01.07	00:38:37.339		156.668			4
2026.01.07	00:38:37.907		156.666			4
2026.01.07	00:38:46.747		156.669			4
2026.01.07	00:38:58.557		156.667			4
2026.01.07	00:39:00.534	156.612				2
2026.01.07	00:39:04.035		156.669			4
2026.01.07	00:39:11.458		156.667			4
2026.01.07	00:39:22.339	156.613	156.668			6
2026.01.07	00:39:22.936		156.669			4
2026.01.07	00:39:24.317		156.667			4
2026.01.07	00:39:28.327		156.668			4
2026.01.07	00:39:34.472		156.669			4
2026.01.07	00:39:53.623	156.611				2
2026.01.07	00:40:00.528	156.611				2
2026.01.07	00:40:09.687	156.612	156.666			6
2026.01.07	00:40:11.754	156.611	156.668			6
2026.01.07	00:40:25.810		156.670			4
2026.01.07	00:40:29.156	156.613				2
2026.01.07	00:40:54.208		156.672			4
2026.01.07	00:40:54.901		156.670			4
2026.01.07	00:40:55.935		156.671			4
2026.01.07	00:41:01.336	156.614				2
2026.01.07	00:41:14.721	156.613				2
2026.01.07	00:41:56.142		156.671			4
2026.01.07	00:42:05.943	156.613				2
2026.01.07	00:42:58.519		156.671			4
2026.01.07	00:43:04.726	156.613				2
2026.01.07	00:43:59.726		156.671			4
2026.01.07	00:44:06.640	156.613				2
2026.01.07	00:44:23.233	156.614				2
2026.01.07	00:44:30.492	156.613				2
2026.01.07	00:45:00.714	156.613	156.671			6
2026.01.07	00:45:03.197	156.609	156.703			6
2026.01.07	00:45:06.615	156.614	156.672			6
2026.01.07	00:45:06.921	156.613	156.671			6
2026.01.07	00:45:13.983	156.627	156.657			6
2026.01.07	00:45:56.473		156.658			4
2026.01.07	00:46:01.695	156.627				2
2026.01.07	00:47:03.208	156.622	156.688			6
2026.01.07	00:47:06.613	156.627	156.658			6
2026.01.07	00:47:17.765	156.629				2
2026.01.07	00:47:22.707	156.621	156.652			6
2026.01.07	00:47:23.013	156.620				2
2026.01.07	00:47:23.321	156.618	156.647			6
2026.01.07	00:47:23.650	156.615	156.648			6
2026.01.07	00:47:24.682	156.617	156.646			6
2026.01.07	00:47:24.987	156.613	156.648			6
2026.01.07	00:47:25.466	156.617				2
2026.01.07	00:47:28.189	156.614				2
2026.01.07	00:47:30.967	156.618				2
2026.01.07	00:47:32.623	156.627				2
2026.01.07	00:48:03.297	156.615				2
2026.01.07	00:48:05.612	156.613				2
2026.01.07	00:48:05.932	156.616				2
2026.01.07	00:48:06.247	156.613				2
2026.01.07	00:48:08.114	156.617				2
2026.01.07	00:48:10.503	156.614				2
2026.01.07	00:48:11.130	156.613				2
2026.01.07	00:48:13.311	156.614				2
2026.01.07	00:48:13.632	156.619	156.647			6
2026.01.07	00:48:13.939	156.613				2
2026.01.07	00:48:16.591	156.620	156.643			6
2026.01.07	00:48:16.897	156.619	156.645			6
2026.01.07	00:48:21.012	156.612	156.649			6
2026.01.07	00:48:21.542	156.615	156.648			6
2026.01.07	00:48:22.778		156.649			4
2026.01.07	00:48:23.143	156.614				2
2026.01.07	00:48:23.670	156.619	156.644			6
2026.01.07	00:48:25.534	156.615	156.648			6
2026.01.07	00:48:26.635	156.627				2
2026.01.07	00:48:27.214		156.647			4
2026.01.07	00:48:38.686		156.648			4
2026.01.07	00:48:42.205		156.647			4
2026.01.07	00:48:46.336		156.648			4
2026.01.07	00:48:46.655		156.646			4
2026.01.07	00:48:52.336		156.648			4
2026.01.07	00:48:57.567	156.614	156.647			6
2026.01.07	00:49:00.314	156.616	156.652			6
2026.01.07	00:49:02.471	156.614				2
2026.01.07	00:49:16.724	156.615				2
2026.01.07	00:49:17.650	156.614				2
2026.01.07	00:49:25.432	156.615				2
2026.01.07	00:49:25.736	156.614				2
2026.01.07	00:49:26.673	156.613				2
2026.01.07	00:49:30.453	156.614				2
2026.01.07	00:49:32.632	156.627				2
2026.01.07	00:49:48.911		156.648			4
2026.01.07	00:49:52.064		156.649			4
2026.01.07	00:50:00.315	156.627	156.650			6
2026.01.07	00:50:03.619	156.615	156.651			6
2026.01.07	00:50:03.924	156.614				2
2026.01.07	00:50:04.235	156.616	156.653			6
2026.01.07	00:50:06.712	156.612	156.652			6
2026.01.07	00:50:08.569	156.613				2
2026.01.07	00:50:11.055	156.627				2
2026.01.07	00:50:15.002		156.651			4
2026.01.07	00:50:41.817	156.613				2
2026.01.07	00:50:42.358		156.653			4
2026.01.07	00:50:44.451	156.614				2
2026.01.07	00:50:54.055	156.613				2
2026.01.07	00:50:57.748	156.614				2
2026.01.07	00:51:00.241	156.614				2
2026.01.07	00:51:04.267	156.613				2
2026.01.07	00:51:06.880	156.615				2
2026.01.07	00:51:07.826	156.614				2
2026.01.07	00:51:09.059	156.613				2
2026.01.07	00:51:41.000	156.627				2
2026.01.07	00:51:43.899		156.653			4
2026.01.07	00:52:01.303	156.627				2
2026.01.07	00:52:06.881		156.652			4
2026.01.07	00:52:12.252	156.614				2
2026.01.07	00:52:17.550	156.613				2
2026.01.07	00:52:19.069	156.614	156.653			6
2026.01.07	00:52:21.560	156.615				2
2026.01.07	00:52:22.489	156.613	156.654			6
2026.01.07	00:52:23.110		156.655			4
2026.01.07	00:52:23.722	156.615				2
2026.01.07	00:52:26.210	156.614				2
2026.01.07	00:52:27.775		156.653			4
2026.01.07	00:52:28.717	156.615				2
2026.01.07	00:52:34.641		156.652			4
2026.01.07	00:52:34.949	156.616				2
2026.01.07	00:52:36.822	156.614	156.655			6
2026.01.07	00:52:42.413		156.652			4
2026.01.07	00:52:46.445	156.613				2
2026.01.07	00:52:57.754	156.614				2
2026.01.07	00:52:58.898	156.612	156.653			6
2026.01.07	00:52:59.832	156.613				2
2026.01.07	00:53:00.147	156.612				2
2026.01.07	00:53:01.691	156.613				2
2026.01.07	00:53:07.553		156.652			4
2026.01.07	00:53:08.176	156.614				2
2026.01.07	00:53:08.486		156.655			4
2026.01.07	00:53:08.792	156.617				2
2026.01.07	00:53:09.101	156.616	156.653			6
2026.01.07	00:53:09.408	156.614				2
2026.01.07	00:53:10.031	156.627				2
2026.01.07	00:53:34.590		156.654			4
2026.01.07	00:53:36.828		156.642			4
2026.01.07	00:53:37.983		156.653			4
2026.01.07	00:53:40.764	156.614				2
2026.01.07	00:53:43.867	156.607	156.640			6
2026.01.07	00:53:55.422	156.613	156.652			6
2026.01.07	00:53:55.723	156.616	156.653			6
2026.01.07	00:53:56.040	156.615				2
2026.01.07	00:53:58.809	156.607	156.640			6
2026.01.07	00:53:59.840	156.614	156.658			6
2026.01.07	00:54:00.233	156.615				2
2026.01.07	00:54:01.162	156.609	156.645			6
2026.01.07	00:54:02.330	156.627				2
2026.01.07	00:54:10.532		156.644			4
2026.01.07	00:54:20.728		156.643			4
2026.01.07	00:54:21.360		156.644			4
2026.01.07	00:54:28.899		156.655			4
2026.01.07	00:54:32.714	156.613				2
2026.01.07	00:54:34.068		156.654			4
2026.01.07	00:54:34.572		156.655			4
2026.01.07	00:54:34.879	156.616	156.658			6
2026.01.07	00:54:35.193	156.615				2
2026.01.07	00:55:00.309	156.615				2
2026.01.07	00:55:29.077	156.627				2
2026.01.07	00:55:34.382	156.612	156.655			6
2026.01.07	00:55:35.390	156.624	156.656			6
2026.01.07	00:55:35.759		156.657			4
2026.01.07	00:55:36.201	156.626				2
2026.01.07	00:55:36.883		156.660			4
2026.01.07	00:55:37.389	156.608	156.652			6
2026.01.07	00:55:37.699	156.610	156.655			6
2026.01.07	00:55:38.617	156.622	156.656			6
2026.01.07	00:55:39.605	156.626				2
2026.01.07	00:55:40.605	156.627				2
2026.01.07	00:55:41.741		156.662			4
2026.01.07	00:55:45.773	156.618	156.664			6
2026.01.07	00:55:46.403	156.627	156.662			6
2026.01.07	00:55:54.650		156.660			4
2026.01.07	00:55:57.752		156.661			4
2026.01.07	00:55:59.851	156.616				2
2026.01.07	00:56:00.164	156.616				2
2026.01.07	00:56:02.634	156.615				2
2026.01.07	00:56:04.190	156.616				2
2026.01.07	00:56:06.045		156.660			4
2026.01.07	00:56:06.353	156.615	156.658			6
2026.01.07	00:56:09.131	156.614				2
2026.01.07	00:56:16.233	156.613				2
2026.01.07	00:56:16.846		156.657			4
2026.01.07	00:56:19.335	156.614	156.658			6
2026.01.07	00:56:19.644	156.615				2
2026.01.07	00:56:20.567	156.614				2
2026.01.07	00:56:20.874	156.615				2
2026.01.07	00:56:21.492	156.614				2
2026.01.07	00:56:21.799	156.613				2
2026.01.07	00:56:25.508	156.614				2
2026.01.07	00:56:35.882	156.626				2
2026.01.07	00:56:37.424		156.657			4
2026.01.07	00:56:37.823		156.658			4
2026.01.07	00:56:45.310		156.657			4
2026.01.07	00:56:47.123		156.658			4
2026.01.07	00:56:47.425		156.656			4
2026.01.07	00:56:48.060		156.658			4
2026.01.07	00:56:49.692		156.656			4
2026.01.07	00:56:51.880		156.658			4
2026.01.07	00:56:58.069		156.657			4
2026.01.07	00:57:00.531	156.626				2
2026.01.07	00:57:04.608		156.654			4
2026.01.07	00:57:06.876	156.613				2
2026.01.07	00:57:10.610	156.612				2
2026.01.07	00:57:10.914	156.613				2
2026.01.07	00:57:13.076	156.612				2
2026.01.07	00:57:16.164	156.613				2
2026.01.07	00:57:16.781	156.612				2
2026.01.07	00:57:18.331	156.613				2
2026.01.07	00:57:18.945	156.612				2
2026.01.07	00:57:19.561	156.626				2
2026.01.07	00:57:44.608		156.652			4
2026.01.07	00:57:50.501	156.610				2
2026.01.07	00:58:02.723	156.610				2
2026.01.07	00:58:06.394		156.651			4
2026.01.07	00:58:16.533	156.611	156.652			6
2026.01.07	00:58:29.333	156.626	156.650			6
2026.01.07	00:59:00.610	156.610				2
2026.01.07	00:59:11.178	156.607	156.651			6
2026.01.07	00:59:12.216	156.626				2
2026.01.07	00:59:12.819		156.653			4
2026.01.07	00:59:17.751		156.648			4
2026.01.07	00:59:22.145		156.651			4
2026.01.07	00:59:28.738	156.607				2
2026.01.07	00:59:29.492	156.626				2
2026.01.07	00:59:41.709		156.650			4
2026.01.07	00:59:42.634	156.610				2
2026.01.07	00:59:44.931	156.614				2
2026.01.07	00:59:45.250		156.652			4
2026.01.07	00:59:49.560		156.648			4
2026.01.07	00:59:49.873	156.612	156.650			6
2026.01.07	00:59:57.907	156.613				2
2026.01.07	01:00:00.071	156.613				2
2026.01.07	01:00:00.379	156.643	156.647			6
2026.01.07	01:00:00.752	156.644	156.654			6
2026.01.07	01:00:01.059	156.645	156.649			6
2026.01.07	01:00:01.367	156.646				2
2026.01.07	01:00:01.680	156.644	156.651			6
2026.01.07	01:00:02.297	156.620	156.648			6
2026.01.07	01:00:02.604	156.621				2
2026.01.07	01:00:03.522	156.622	156.667			6
2026.01.07	01:00:03.830	156.625	156.670			6
2026.01.07	01:00:04.134	156.644	156.649			6
2026.01.07	01:00:05.058	156.626	156.670			6
2026.01.07	01:00:06.903		156.649			4
2026.01.07	01:00:07.205		156.648			4
2026.01.07	01:00:07.515	156.625				2
2026.01.07	01:00:09.965	156.624				2
2026.01.07	01:00:12.700	156.623				2
2026.01.07	01:00:18.517	156.625				2
2026.01.07	01:00:19.748	156.644				2
2026.01.07	01:00:20.968	156.624	156.649			6
2026.01.07	01:00:24.026	156.623	156.650			6
2026.01.07	01:00:27.110	156.625				2
2026.01.07	01:00:29.545		156.649			4
2026.01.07	01:00:30.162	156.624	156.648			6
2026.01.07	01:00:37.541	156.636	156.637			6
2026.01.07	01:00:38.458	156.635	156.636			6
2026.01.07	01:00:40.299	156.636	156.637			6
2026.01.07	01:00:41.525	156.637	156.638			6
2026.01.07	01:00:43.673	156.635	156.636			6
2026.01.07	01:00:49.180	156.637	156.638			6
2026.01.07	01:00:54.081	156.635	156.636			6
2026.01.07	01:00:57.161	156.639	156.652			6
2026.01.07	01:00:57.464	156.637	156.650			6
2026.01.07	01:00:57.975	156.636	156.637			6
2026.01.07	01:00:59.196	156.637	156.638			6
2026.01.07	01:01:00.111	156.634	156.635			6
2026.01.07	01:01:03.189	156.632	156.633			6
2026.01.07	01:01:03.493	156.634	156.635			6
2026.01.07	01:01:14.199	156.635	156.636			6
2026.01.07	01:01:15.112	156.633	156.634			6
2026.01.07	01:01:15.414	156.634	156.635			6
2026.01.07	01:01:17.552	156.633	156.634			6
2026.01.07	01:01:29.833	156.634	156.635			6
2026.01.07	01:01:33.812	156.633	156.634			6
2026.01.07	01:01:34.125	156.634	156.635			6
2026.01.07	01:01:36.588	156.635	156.636			6
2026.01.07	01:01:40.277	156.634	156.635			6
2026.01.07	01:01:44.891	156.635	156.636			6
2026.01.07	01:01:51.031	156.636	156.637			6
2026.01.07	01:01:55.023	156.635	156.636			6
2026.01.07	01:01:55.329	156.633	156.634			6
2026.01.07	01:01:55.637	156.637	156.638			6
2026.01.07	01:01:56.871	156.636	156.637			6
2026.01.07	01:01:58.389	156.637	156.638			6
2026.01.07	01:02:00.232	156.637				2
2026.01.07	01:02:00.840	156.636	156.637			6
2026.01.07	01:02:06.656	156.637	156.638			6
2026.01.07	01:02:10.952	156.638	156.639			6
2026.01.07	01:02:31.536	156.645	156.646			6
2026.01.07	01:02:33.091	156.644	156.645			6
2026.01.07	01:02:33.397	156.653	156.654			6
2026.01.07	01:02:33.702	156.656	156.657			6
2026.01.07	01:02:35.240	156.655	156.656			6
2026.01.07	01:02:43.517	156.667	156.668			6
2026.01.07	01:02:43.823	156.669	156.670			6
2026.01.07	01:02:45.051	156.677	156.678			6
2026.01.07	01:02:45.353		156.679			4
2026.01.07	01:02:49.026	156.669	156.671			6
2026.01.07	01:02:51.163	156.670	156.672			6
2026.01.07	01:02:52.084	156.672	156.674			6
2026.01.07	01:02:52.699	156.671	156.673			6
2026.01.07	01:02:57.915	156.655	156.657			6
2026.01.07	01:02:58.219	156.656	156.658			6
2026.01.07	01:02:58.532	156.649	156.651			6
2026.01.07	01:02:59.141	156.650	156.652			6
2026.01.07	01:03:00.060	156.650				2
2026.01.07	01:03:00.368	156.648	156.650			6
2026.01.07	01:03:03.129	156.650	156.652			6
2026.01.07	01:03:04.651	156.649	156.651			6
2026.01.07	01:03:05.266	156.650	156.652			6
2026.01.07	01:03:06.496	156.649	156.651			6
2026.01.07	01:03:12.047	156.647	156.648			6
2026.01.07	01:03:12.967	156.648	156.649			6
2026.01.07	01:03:13.280	156.647	156.648			6
2026.01.07	01:03:15.730	156.649	156.650			6
2026.01.07	01:03:22.463	156.653	156.655			6
2026.01.07	01:03:25.232	156.652	156.654			6
2026.01.07	01:03:28.601	156.649	156.651			6
2026.01.07	01:03:30.435	156.650	156.652			6
2026.01.07	01:03:30.737		156.651			4
2026.01.07	01:03:35.654	156.651	156.652			6
2026.01.07	01:03:35.955	156.650	156.651			6
2026.01.07	01:03:36.572	156.651	156.653			6
2026.01.07	01:03:36.875	156.650	156.652			6
2026.01.07	01:03:39.347	156.651				2
2026.01.07	01:03:45.166	156.650	156.651			6
2026.01.07	01:03:51.658	156.652	156.653			6
2026.01.07	01:03:51.963	156.653	156.654			6
2026.01.07	01:03:52.573	156.654	156.655			6
2026.01.07	01:03:55.316	156.653	156.654			6
2026.01.07	01:03:56.534	156.652	156.653			6
2026.01.07	01:03:58.667	156.653	156.654			6
2026.01.07	01:04:00.210	156.653				2
2026.01.07	01:04:00.521	156.652	156.653			6
2026.01.07	01:04:02.370	156.654	156.655			6
2026.01.07	01:04:02.980	156.653	156.654			6
2026.01.07	01:04:03.599	156.652	156.653			6
2026.01.07	01:04:09.738	156.653	156.654			6
2026.01.07	01:04:10.040	156.652	156.653			6
2026.01.07	01:04:13.392	156.653	156.654			6
2026.01.07	01:04:14.309	156.655	156.656			6
2026.01.07	01:04:14.936	156.653	156.654			6
2026.01.07	01:04:15.243	156.651	156.652			6
2026.01.07	01:04:16.776	156.650	156.651			6
2026.01.07	01:04:19.541	156.651	156.652			6
2026.01.07	01:04:22.900	156.650	156.651			6
2026.01.07	01:04:25.651	156.651	156.652			6
2026.01.07	01:04:30.550	156.650	156.651			6
2026.01.07	01:04:31.165	156.649	156.650			6
2026.01.07	01:04:32.087	156.647	156.648			6
2026.01.07	01:04:32.393	156.646	156.647			6
2026.01.07	01:04:35.779	156.647	156.648			6
2026.01.07	01:04:41.282	156.648	156.649			6
2026.01.07	01:04:41.586	156.649	156.650			6
2026.01.07	01:04:50.175	156.650	156.651			6
2026.01.07	01:05:00.312	156.650				2
2026.01.07	01:05:06.127	156.645	156.646			6
2026.01.07	01:05:06.438	156.636	156.637			6
2026.01.07	01:05:06.745	156.634	156.635			6
2026.01.07	01:05:07.682	156.633	156.634			6
2026.01.07	01:05:09.213	156.634	156.635			6
2026.01.07	01:05:11.365	156.633	156.634			6
2026.01.07	01:05:19.086	156.634	156.635			6
2026.01.07	01:05:19.391	156.629	156.630			6
2026.01.07	01:05:23.114	156.628	156.629			6
2026.01.07	01:05:46.379	156.629	156.630			6
2026.01.07	01:06:00.171	156.629				2
2026.01.07	01:06:04.774	156.628	156.629			6
2026.01.07	01:06:07.231	156.629	156.630			6
2026.01.07	01:06:17.052	156.628	156.629			6
2026.01.07	01:06:21.337	156.629	156.630			6
2026.01.07	01:06:35.171	156.628	156.629			6
2026.01.07	01:06:48.047	156.623	156.624			6
2026.01.07	01:07:00.026	156.623				2
2026.01.07	01:07:48.220		156.624			4
2026.01.07	01:07:52.206	156.622	156.623			6
2026.01.07	01:08:00.190	156.623	156.624			6
2026.01.07	01:08:04.178	156.622	156.623			6
2026.01.07	01:08:04.491	156.623	156.624			6
2026.01.07	01:08:09.405	156.622	156.623			6
2026.01.07	01:08:12.168	156.621	156.622			6
2026.01.07	01:08:12.784	156.622	156.623			6
2026.01.07	01:08:13.709	156.621	156.622			6
2026.01.07	01:08:16.477	156.622	156.623			6
2026.01.07	01:08:19.546	156.623	156.624			6
2026.01.07	01:08:51.143	156.622	156.623			6
2026.01.07	01:09:00.070	156.622				2
2026.01.07	01:09:01.597	156.623	156.624			6
2026.01.07	01:09:28.941	156.622	156.623			6
2026.01.07	01:09:31.703	156.623	156.624			6
2026.01.07	01:09:44.852	156.624	156.625			6
2026.01.07	01:09:45.155	156.622	156.623			6
2026.01.07	01:10:00.157	156.622				2
2026.01.07	01:10:01.685	156.626	156.627			6
2026.01.07	01:10:13.333	156.625	156.626			6
2026.01.07	01:10:14.855	156.626	156.627			6
2026.01.07	01:10:23.122	156.627	156.628			6
2026.01.07	01:10:25.268	156.625	156.626			6
2026.01.07	01:10:30.173	156.627	156.628			6
2026.01.07	01:11:00.189	156.627				2
2026.01.07	01:11:06.638	156.625	156.626			6
2026.01.07	01:11:07.561	156.626	156.627			6
2026.01.07	01:11:08.784	156.638	156.639			6
2026.01.07	01:11:09.088	156.640	156.641			6
2026.01.07	01:11:12.461	156.639	156.640			6
2026.01.07	01:11:25.980	156.640	156.641			6
2026.01.07	01:11:27.200	156.641	156.642			6
2026.01.07	01:11:30.873	156.640	156.641			6
2026.01.07	01:11:31.789	156.641	156.642			6
2026.01.07	01:11:41.292	156.644	156.645			6
2026.01.07	01:11:48.031	156.645	156.646			6
2026.01.07	01:11:48.333	156.644	156.645			6
2026.01.07	01:11:51.996	156.645	156.646			6
2026.01.07	01:11:58.445	156.646	156.647			6
2026.01.07	01:11:58.748	156.647	156.648			6
2026.01.07	01:12:00.273	156.647				2
2026.01.07	01:12:04.572	156.648	156.649			6
2026.01.07	01:12:05.185	156.647	156.648			6
2026.01.07	01:12:09.478	156.648	156.649			6
2026.01.07	01:12:11.320	156.647	156.648			6
2026.01.07	01:12:18.691	156.646	156.647			6
2026.01.07	01:12:19.610	156.647	156.648			6
2026.01.07	01:12:26.080	156.648	156.649			6
2026.01.07	01:12:31.906	156.647	156.648			6
2026.01.07	01:12:49.943	156.648	156.649			6
2026.01.07	01:12:54.524	156.647	156.648			6
2026.01.07	01:12:56.355	156.649	156.650			6
2026.01.07	01:12:59.102	156.648	156.649			6
2026.01.07	01:13:00.027	156.648				2
2026.01.07	01:13:01.263	156.649	156.650			6
2026.01.07	01:13:02.184	156.648	156.649			6
2026.01.07	01:13:05.233	156.649	156.650			6
2026.01.07	01:13:08.942	156.650	156.651			6
2026.01.07	01:13:15.424	156.649	156.650			6
2026.01.07	01:13:16.953	156.648	156.649			6
2026.01.07	01:13:17.566	156.647	156.648			6
2026.01.07	01:13:21.852	156.648	156.649			6
2026.01.07	01:13:24.297	156.649	156.650			6
2026.01.07	01:13:26.450	156.648	156.649			6
2026.01.07	01:13:28.283	156.647	156.648			6
2026.01.07	01:13:31.952	156.649	156.650			6
2026.01.07	01:13:42.371	156.647	156.648			6
2026.01.07	01:13:43.295	156.648	156.649			6
2026.01.07	01:13:47.598	156.649	156.650			6
2026.01.07	01:13:48.824	156.648	156.649			6
2026.01.07	01:13:49.127	156.647	156.648			6
2026.01.07	01:13:49.435	156.648	156.649			6
2026.01.07	01:13:51.884	156.650	156.651			6
2026.01.07	01:13:56.174	156.648	156.649			6
2026.01.07	01:13:56.779	156.649	156.650			6
2026.01.07	01:13:57.686	156.650	156.651			6
2026.01.07	01:14:00.135	156.650				2
2026.01.07	01:14:11.179	156.649	156.650			6
2026.01.07	01:14:13.314	156.650	156.651			6
2026.01.07	01:14:16.670	156.649	156.650			6
2026.01.07	01:14:26.769	156.650	156.651			6
2026.01.07	01:14:34.462	156.649	156.650			6
2026.01.07	01:14:34.766	156.650	156.651			6
2026.01.07	01:14:36.610	156.649	156.650			6
2026.01.07	01:14:40.596	156.650	156.651			6
2026.01.07	01:14:41.211	156.649	156.650			6
2026.01.07	01:15:00.257	156.649				2
2026.01.07	01:15:04.230	156.650	156.651			6
2026.01.07	01:15:04.837	156.651	156.652			6
2026.01.07	01:15:06.665	156.650	156.651			6
2026.01.07	01:15:17.098	156.651	156.652			6
2026.01.07	01:15:18.929	156.650	156.651			6
2026.01.07	01:15:35.471	156.649	156.650			6
2026.01.07	01:15:39.764	156.658	156.659			6
2026.01.07	01:16:00.019	156.658				2
2026.01.07	01:16:18.125	156.659	156.660			6
2026.01.07	01:16:26.710	156.660	156.661			6
2026.01.07	01:16:28.549	156.661	156.662			6
2026.01.07	01:16:28.860	156.659	156.660			6
2026.01.07	01:16:32.546	156.660	156.661			6
2026.01.07	01:16:33.160	156.659	156.660			6
2026.01.07	01:16:41.095	156.660	156.661			6
2026.01.07	01:16:55.845	156.659	156.660			6
2026.01.07	01:16:56.461	156.662	156.663			6
2026.01.07	01:17:00.130	156.662				2
2026.01.07	01:17:01.662	156.663	156.664			6
2026.01.07	01:17:09.293	156.664	156.665			6
2026.01.07	01:17:16.046	156.663	156.664			6
2026.01.07	01:17:24.346	156.664	156.665			6
2026.01.07	01:17:27.730	156.668	156.669			6
2026.01.07	01:17:28.039	156.667	156.668			6
2026.01.07	01:17:28.646	156.668	156.669			6
2026.01.07	01:17:35.709	156.667	156.668			6
2026.01.07	01:17:40.932	156.668	156.669			6
2026.01.07	01:17:51.681	156.669	156.670			6
2026.01.07	01:17:54.439	156.668	156.669			6
2026.01.07	01:17:55.975	156.670	156.671			6
2026.01.07	01:18:00.257	156.670				2
2026.01.07	01:18:29.042	156.671	156.672			6
2026.01.07	01:18:42.519	156.670	156.671			6
2026.01.07	01:18:43.434	156.669	156.670			6
2026.01.07	01:18:45.576	156.670	156.671			6
2026.01.07	01:18:45.891	156.671	156.672			6
2026.01.07	01:18:48.358	156.670	156.671			6
2026.01.07	01:18:49.884	156.671	156.672			6
2026.01.07	01:18:54.814	156.670	156.671			6
2026.01.07	01:18:56.650	156.671	156.672			6
2026.01.07	01:19:00.024	156.671				2
2026.01.07	01:19:04.613	156.670	156.671			6
2026.01.07	01:19:05.524	156.671	156.672			6
2026.01.07	01:19:16.580	156.672	156.673			6
2026.01.07	01:19:16.890	156.671	156.672			6
2026.01.07	01:19:26.649	156.670	156.671			6
2026.01.07	01:19:30.636	156.671	156.672			6
2026.01.07	01:19:31.552	156.670	156.671			6
2026.01.07	01:19:39.848	156.671	156.672			6
2026.01.07	01:19:41.990	156.670	156.671			6
2026.01.07	01:19:42.291	156.671	156.672			6
2026.01.07	01:19:44.433	156.670	156.671			6
2026.01.07	01:19:45.357	156.671	156.672			6
2026.01.07	01:19:49.351	156.668	156.669			6
2026.01.07	01:19:49.658	156.669	156.670			6
2026.01.07	01:19:52.723	156.671	156.672			6
2026.01.07	01:19:53.640	156.670	156.671			6
2026.01.07	01:19:53.947	156.671	156.672			6
2026.01.07	01:19:57.001	156.672	156.673			6
2026.01.07	01:20:00.075	156.672				2
2026.01.07	01:20:00.694	156.671	156.672			6
2026.01.07	01:20:09.266	156.672	156.673			6
2026.01.07	01:20:14.157	156.665	156.666			6
2026.01.07	01:20:14.459	156.662	156.663			6
2026.01.07	01:20:19.959	156.661	156.662			6
2026.01.07	01:20:20.263	156.662	156.663			6
2026.01.07	01:20:22.403	156.658	156.659			6
2026.01.07	01:20:22.711	156.662	156.663			6
2026.01.07	01:20:27.339	156.663	156.664			6
2026.01.07	01:20:27.947	156.662	156.663			6
2026.01.07	01:20:28.564	156.660	156.661			6
2026.01.07	01:20:29.779	156.657	156.658			6
2026.01.07	01:20:30.083	156.658	156.659			6
2026.01.07	01:20:32.219	156.657	156.658			6
2026.01.07	01:20:33.146	156.658	156.659			6
2026.01.07	01:20:39.885	156.657	156.658			6
2026.01.07	01:20:40.192	156.660	156.661			6
2026.01.07	01:20:41.728	156.659	156.660			6
2026.01.07	01:20:43.259	156.660	156.661			6
2026.01.07	01:20:45.094	156.659	156.660			6
2026.01.07	01:20:45.398	156.660	156.661			6
2026.01.07	01:20:47.854	156.661	156.662			6
2026.01.07	01:20:48.157	156.658	156.659			6
2026.01.07	01:20:52.449	156.659	156.660			6
2026.01.07	01:20:52.755	156.660	156.661			6
2026.01.07	01:21:00.104	156.660				2
2026.01.07	01:21:01.017	156.659	156.660			6
2026.01.07	01:21:08.691	156.657	156.658			6
2026.01.07	01:21:12.069	156.659	156.660			6
2026.01.07	01:21:12.679	156.657	156.658			6
2026.01.07	01:21:17.585	156.659	156.660			6
2026.01.07	01:21:24.626	156.658	156.659			6
2026.01.07	01:21:36.274	156.659	156.660			6
2026.01.07	01:22:00.102	156.655	156.656			6
2026.01.07	01:22:03.766	156.656	156.657			6
2026.01.07	01:22:04.378	156.655	156.656			6
2026.01.07	01:22:04.685	156.658	156.659			6
2026.01.07	01:22:04.987	156.656	156.657			6
2026.01.07	01:22:05.293	156.655	156.656			6
2026.01.07	01:22:05.601	156.644	156.645			6
2026.01.07	01:22:06.215	156.643	156.644			6
2026.01.07	01:22:06.821	156.644	156.645			6
2026.01.07	01:22:07.438	156.643	156.644			6
2026.01.07	01:22:08.365	156.642	156.643			6
2026.01.07	01:22:10.218	156.643	156.644			6
2026.01.07	01:22:11.452	156.644	156.645			6
2026.01.07	01:22:11.760	156.643	156.644			6
2026.01.07	01:22:12.383	156.641	156.642			6
2026.01.07	01:22:13.005	156.642	156.643			6
2026.01.07	01:22:13.950	156.643	156.644			6
2026.01.07	01:22:14.873	156.644	156.645			6
2026.01.07	01:22:16.715	156.643	156.644			6
2026.01.07	01:22:17.341	156.644	156.645			6
2026.01.07	01:22:17.653	156.643	156.644			6
2026.01.07	01:22:19.187	156.644	156.645			6
2026.01.07	01:22:22.610	156.642	156.643			6
2026.01.07	01:22:22.915	156.643	156.644			6
2026.01.07	01:22:23.533	156.644	156.645			6
2026.01.07	01:22:25.383	156.643	156.644			6
2026.01.07	01:22:26.616	156.644	156.645			6
2026.01.07	01:22:31.249	156.643	156.644			6
2026.01.07	01:22:33.710	156.645	156.646			6
2026.01.07	01:22:34.015	156.644	156.645			6
2026.01.07	01:22:34.323	156.642	156.643			6
2026.01.07	01:22:35.557	156.643	156.644			6
2026.01.07	01:22:40.803	156.642	156.643			6
2026.01.07	01:22:41.737	156.643	156.644			6
2026.01.07	01:22:46.697	156.642	156.643			6
2026.01.07	01:22:47.013	156.644	156.645			6
2026.01.07	01:22:47.319	156.643	156.644			6
2026.01.07	01:22:49.493	156.642	156.643			6
2026.01.07	01:22:49.806	156.643	156.644			6
2026.01.07	01:22:51.034	156.644	156.645			6
2026.01.07	01:22:53.513	156.643	156.644			6
2026.01.07	01:22:54.431	156.644	156.645			6
2026.01.07	01:22:58.182	156.645	156.646			6
2026.01.07	01:22:58.497	156.644	156.645			6
2026.01.07	01:23:00.025	156.644				2
2026.01.07	01:23:06.146	156.643	156.644			6
2026.01.07	01:23:08.610	156.642	156.643			6
2026.01.07	01:23:09.228	156.644	156.645			6
2026.01.07	01:23:10.153	156.643	156.644			6
2026.01.07	01:23:11.388	156.645	156.646			6
2026.01.07	01:23:11.698	156.644	156.645			6
2026.01.07	01:23:15.083	156.643	156.644			6
2026.01.07	01:23:15.391	156.644	156.645			6
2026.01.07	01:23:25.487	156.645	156.646			6
2026.01.07	01:23:29.167	156.644	156.645			6
2026.01.07	01:23:29.471	156.645	156.646			6
2026.01.07	01:23:35.009	156.644	156.645			6
2026.01.07	01:23:35.630	156.645	156.646			6
2026.01.07	01:23:38.687	156.644	156.645			6
2026.01.07	01:23:38.997	156.645	156.646			6
2026.01.07	01:23:40.222	156.644	156.645			6
2026.01.07	01:23:44.494	156.645	156.646			6
2026.01.07	01:23:45.717	156.644	156.645			6
2026.01.07	01:23:59.850	156.645	156.646			6
2026.01.07	01:24:00.157	156.645				2
2026.01.07	01:24:08.152	156.646	156.647			6
2026.01.07	01:24:25.000	156.645	156.646			6
2026.01.07	01:24:32.064	156.646	156.647			6
2026.01.07	01:24:33.592	156.645	156.646			6
2026.01.07	01:24:35.113	156.646	156.647			6
2026.01.07	01:24:40.642	156.645	156.646			6
2026.01.07	01:24:47.087	156.646	156.647			6
2026.01.07	01:24:48.637	156.647	156.648			6
2026.01.07	01:24:48.951	156.646	156.647			6
2026.01.07	01:24:50.790	156.647	156.648			6
2026.01.07	01:25:00.280	156.647				2
2026.01.07	01:25:03.034	156.646	156.647			6
2026.01.07	01:25:09.464	156.647	156.648			6
2026.01.07	01:25:09.766	156.646	156.647			6
2026.01.07	01:25:13.116	156.643	156.644			6
2026.01.07	01:25:13.419	156.644	156.645			6
2026.01.07	01:25:15.561	156.643	156.644			6
2026.01.07	01:25:17.999	156.644	156.645			6
2026.01.07	01:25:18.919	156.645	156.646			6
2026.01.07	01:25:19.226	156.644	156.645			6
2026.01.07	01:25:22.914	156.643	156.644			6
2026.01.07	01:25:25.069	156.644	156.645			6
2026.01.07	01:25:31.526	156.643	156.644			6
2026.01.07	01:25:36.419	156.644	156.645			6
2026.01.07	01:25:41.927	156.643	156.644			6
2026.01.07	01:25:42.229	156.644	156.645			6
2026.01.07	01:25:42.532	156.643	156.644			6
2026.01.07	01:25:50.799	156.645	156.646			6
2026.01.07	01:25:51.101	156.643	156.644			6
2026.01.07	01:25:53.857	156.644	156.645			6
2026.01.07	01:25:59.698	156.642	156.643			6
2026.01.07	01:26:00.009	156.639	156.640			6
2026.01.07	01:26:00.311	156.640	156.641			6
2026.01.07	01:26:01.838	156.639	156.640			6
2026.01.07	01:26:04.297	156.640	156.641			6
2026.01.07	01:26:05.833	156.641	156.642			6
2026.01.07	01:26:21.120	156.640	156.641			6
2026.01.07	01:26:22.654	156.641	156.642			6
2026.01.07	01:26:23.270	156.650	156.651			6
2026.01.07	01:26:23.576	156.654	156.655			6
2026.01.07	01:26:24.180	156.653	156.654			6
2026.01.07	01:26:28.195	156.654	156.655			6
2026.01.07	01:26:29.124	156.655	156.656			6
2026.01.07	01:26:36.900	156.654	156.655			6
2026.01.07	01:26:40.602	156.653	156.654			6
2026.01.07	01:26:53.705	156.652	156.653			6
2026.01.07	01:26:54.327	156.653	156.654			6
2026.01.07	01:26:55.252	156.654	156.655			6
2026.01.07	01:26:55.568	156.658	156.659			6
2026.01.07	01:26:57.743	156.660	156.661			6
2026.01.07	01:27:00.252	156.660				2
2026.01.07	01:27:00.563	156.661	156.662			6
2026.01.07	01:27:07.105		156.663			4
2026.01.07	01:27:07.410	156.662				2
2026.01.07	01:27:33.192	156.663	156.664			6
2026.01.07	01:27:34.415	156.662	156.663			6
2026.01.07	01:27:39.009	156.663	156.664			6
2026.01.07	01:27:39.924	156.662	156.663			6
2026.01.07	01:28:00.179	156.662				2
2026.01.07	01:28:01.716	156.659	156.660			6
2026.01.07	01:28:12.538	156.660	156.661			6
2026.01.07	01:28:13.160	156.661	156.662			6
2026.01.07	01:28:25.181	156.662	156.663			6
2026.01.07	01:28:27.950	156.660	156.661			6
2026.01.07	01:28:36.221	156.659	156.660			6
2026.01.07	01:28:39.591	156.660	156.661			6
2026.01.07	01:28:39.897	156.659	156.660			6
2026.01.07	01:28:43.596	156.660	156.661			6
2026.01.07	01:28:47.583	156.659	156.660			6
2026.01.07	01:28:48.530	156.660	156.661			6
2026.01.07	01:28:50.047	156.662	156.663			6
2026.01.07	01:28:50.355	156.660	156.661			6
2026.01.07	01:28:52.193	156.662	156.663			6
2026.01.07	01:28:52.808	156.660	156.661			6
2026.01.07	01:28:54.353	156.659	156.660			6
2026.01.07	01:28:58.083	156.660	156.661			6
2026.01.07	01:29:00.234	156.662	156.663			6
2026.01.07	01:29:08.245	156.663	156.664			6
2026.01.07	01:29:08.555	156.662	156.663			6
2026.01.07	01:29:13.745	156.663	156.664			6
2026.01.07	01:29:26.310	156.662	156.663			6
2026.01.07	01:29:29.383	156.663	156.664			6
2026.01.07	01:29:29.691	156.662	156.663			6
2026.01.07	01:29:48.692	156.663	156.664			6
2026.01.07	01:30:00.019	156.663				2
2026.01.07	01:30:00.324	156.661	156.662			6
2026.01.07	01:30:03.091	156.662	156.663			6
2026.01.07	01:30:04.019	156.661	156.662			6
2026.01.07	01:30:07.094	156.660	156.661			6
2026.01.07	01:30:10.183	156.661	156.662			6
2026.01.07	01:30:13.255	156.660	156.661			6
2026.01.07	01:30:15.082	156.661	156.662			6
2026.01.07	01:30:24.908	156.660	156.661			6
2026.01.07	01:30:33.174	156.661	156.662			6
2026.01.07	01:30:34.712	156.659	156.660			6
2026.01.07	01:30:35.019	156.661	156.662			6
2026.01.07	01:30:38.705	156.662	156.663			6
2026.01.07	01:30:49.751	156.671	156.672			6
2026.01.07	01:30:50.059	156.672	156.673			6
2026.01.07	01:30:53.724	156.673	156.674			6
2026.01.07	01:30:56.178	156.672	156.673			6
2026.01.07	01:31:00.175	156.672				2
2026.01.07	01:31:04.460	156.671	156.672			6
2026.01.07	01:31:09.367	156.672	156.673			6
2026.01.07	01:31:18.542	156.671	156.672			6
2026.01.07	01:31:20.379	156.672	156.673			6
2026.01.07	01:31:30.503	156.671	156.672			6
2026.01.07	01:31:35.405	156.672	156.673			6
2026.01.07	01:32:00.280	156.672				2
2026.01.07	01:32:04.303	156.670	156.671			6
2026.01.07	01:32:22.367	156.671	156.672			6
2026.01.07	01:32:22.686	156.670	156.671			6
2026.01.07	01:32:37.744	156.671	156.672			6
2026.01.07	01:32:51.255	156.670	156.671			6
2026.01.07	01:32:52.799	156.671	156.672			6
2026.01.07	01:32:57.105	156.670	156.671			6
2026.01.07	01:33:00.177	156.670				2
2026.01.07	01:33:03.535	156.671	156.672			6
2026.01.07	01:33:04.456	156.670	156.671			6
2026.01.07	01:33:08.135	156.667	156.668			6
2026.01.07	01:33:08.446	156.668	156.669			6
2026.01.07	01:33:16.118	156.667	156.668			6
2026.01.07	01:33:27.775	156.668	156.669			6
2026.01.07	01:33:31.760	156.667	156.668			6
2026.01.07	01:33:52.263	156.664	156.665			6
2026.01.07	01:33:57.162	156.665	156.666			6
2026.01.07	01:34:00.225	156.665				2
2026.01.07	01:34:03.897	156.664	156.665			6
2026.01.07	01:34:08.193	156.665	156.666			6
2026.01.07	01:34:15.863	156.667	156.668			6
2026.01.07	01:34:16.166	156.669	156.670			6
2026.01.07	01:34:30.269	156.661	156.662			6
2026.01.07	01:34:40.998	156.659	156.660			6
2026.01.07	01:34:41.303	156.658	156.659			6
2026.01.07	01:35:00.029	156.658				2
2026.01.07	01:35:27.930	156.659	156.660			6
2026.01.07	01:35:30.380	156.658	156.659			6
2026.01.07	01:35:32.210	156.659	156.660			6
2026.01.07	01:35:36.802	156.660	156.661			6
2026.01.07	01:35:39.547	156.661	156.662			6
2026.01.07	01:35:43.233	156.660	156.661			6
2026.01.07	01:35:50.865	156.659	156.660			6
2026.01.07	01:35:57.623	156.662	156.663			6
2026.01.07	01:35:57.926	156.661	156.662			6
2026.01.07	01:36:00.082	156.661				2
2026.01.07	01:36:14.774	156.662	156.663			6
2026.01.07	01:36:20.314	156.673	156.674			6
2026.01.07	01:36:20.618	156.675	156.676			6
2026.01.07	01:36:21.229	156.674	156.675			6
2026.01.07	01:36:21.531	156.679	156.680			6
2026.01.07	01:36:21.836	156.686	156.687			6
2026.01.07	01:36:23.379	156.685	156.686			6
2026.01.07	01:36:23.686	156.683	156.685			6
2026.01.07	01:36:23.991	156.685	156.686			6
2026.01.07	01:36:33.583	156.686	156.687			6
2026.01.07	01:36:37.342	156.685	156.686			6
2026.01.07	01:36:37.963	156.686	156.687			6
2026.01.07	01:36:42.330	156.685	156.686			6
2026.01.07	01:36:49.755	156.684	156.685			6
2026.01.07	01:36:50.063	156.685	156.686			6
2026.01.07	01:37:00.298	156.685				2
2026.01.07	01:37:01.222	156.686	156.687			6
2026.01.07	01:37:01.525	156.687	156.688			6
2026.01.07	01:37:02.149	156.688	156.689			6
2026.01.07	01:37:03.389	156.687	156.688			6
2026.01.07	01:37:04.955	156.688	156.689			6
2026.01.07	01:37:06.207	156.687	156.688			6
2026.01.07	01:37:06.829	156.688	156.689			6
2026.01.07	01:37:07.139	156.697	156.699			6
2026.01.07	01:37:07.451	156.699	156.700			6
2026.01.07	01:37:07.767	156.698				2
2026.01.07	01:37:08.376	156.697				2
2026.01.07	01:37:14.875	156.696				2
2026.01.07	01:37:16.122	156.697				2
2026.01.07	01:37:16.427	156.699	156.701			6
2026.01.07	01:37:16.744	156.698				2
2026.01.07	01:37:17.047	156.697	156.700			6
2026.01.07	01:37:17.352	156.698				2
2026.01.07	01:37:19.838	156.697				2
2026.01.07	01:37:24.160	156.698				2
2026.01.07	01:37:24.471	156.697				2
2026.01.07	01:37:30.701	156.699	156.701			6
2026.01.07	01:37:45.330	156.698	156.700			6
2026.01.07	01:37:48.742	156.699				2
2026.01.07	01:37:54.025	156.697				2
2026.01.07	01:37:55.266	156.696	156.698			6
2026.01.07	01:38:00.246	156.696				2
2026.01.07	01:38:03.078	156.697				2
2026.01.07	01:38:03.701	156.696				2
2026.01.07	01:38:15.449	156.695				2
2026.01.07	01:38:20.398	156.696	156.697			6
2026.01.07	01:38:28.740	156.695				2
2026.01.07	01:38:29.359	156.696				2
2026.01.07	01:38:36.723	156.695				2
2026.01.07	01:38:38.579	156.697	156.698			6
2026.01.07	01:38:41.931		156.699			4
2026.01.07	01:38:42.239	156.696	156.698			6
2026.01.07	01:38:43.768	156.697				2
2026.01.07	01:38:46.542	156.696				2
2026.01.07	01:38:48.975	156.697				2
2026.01.07	01:38:50.199		156.699			4
2026.01.07	01:38:53.258	156.696	156.698			6
2026.01.07	01:38:56.347	156.697	156.699			6
2026.01.07	01:38:57.579	156.686	156.687			6
2026.01.07	01:38:58.202	156.684				2
2026.01.07	01:39:00.058	156.684				2
2026.01.07	01:39:01.907	156.683				2
2026.01.07	01:39:03.154	156.685				2
2026.01.07	01:39:03.772	156.684				2
2026.01.07	01:39:06.869	156.685				2
2026.01.07	01:39:07.806		156.688			4
2026.01.07	01:39:08.732	156.684				2
2026.01.07	01:39:11.222	156.686	156.689			6
2026.01.07	01:39:11.839		156.688			4
2026.01.07	01:39:13.373	156.685				2
2026.01.07	01:39:19.599		156.689			4
2026.01.07	01:39:20.217	156.686				2
2026.01.07	01:39:39.448	156.685	156.688			6
2026.01.07	01:39:40.388	156.686				2
2026.01.07	01:39:57.150	156.685	156.687			6
2026.01.07	01:40:00.254	156.685				2
2026.01.07	01:40:03.679	156.682	156.685			6
2026.01.07	01:40:05.236	156.681	156.684			6
2026.01.07	01:40:07.397	156.680	156.681			6
2026.01.07	01:40:07.704	156.676	156.678			6
2026.01.07	01:40:08.007	156.671	156.673			6
2026.01.07	01:40:09.239	156.670				2
2026.01.07	01:40:12.040	156.673	156.677			6
2026.01.07	01:40:12.970	156.672				2
2026.01.07	01:40:13.278	156.673				2
2026.01.07	01:40:13.910		156.676			4
2026.01.07	01:40:15.453	156.674				2
2026.01.07	01:40:16.074	156.672	156.675			6
2026.01.07	01:40:16.379	156.671				2
2026.01.07	01:40:18.866	156.670	156.674			6
2026.01.07	01:40:19.172	156.671				2
2026.01.07	01:40:29.409		156.673			4
2026.01.07	01:40:32.807	156.672				2
2026.01.07	01:40:40.528	156.671	156.674			6
2026.01.07	01:40:41.765	156.674	156.675			6
2026.01.07	01:40:43.001		156.676			4
2026.01.07	01:40:43.310	156.673				2
2026.01.07	01:40:44.236	156.672	156.673			6
2026.01.07	01:40:44.541	156.671				2
2026.01.07	01:40:45.164		156.672			4
2026.01.07	01:40:45.472	156.670				2
2026.01.07	01:40:47.654		156.671			4
2026.01.07	01:40:50.442	156.671	156.672			6
2026.01.07	01:40:50.746	156.670	156.671			6
2026.01.07	01:40:51.052	156.669				2
2026.01.07	01:40:55.993	156.670				2
2026.01.07	01:41:00.007	156.670				2
2026.01.07	01:41:00.324	156.671	156.673			6
2026.01.07	01:41:00.629	156.670				2
2026.01.07	01:41:01.568		156.672			4
2026.01.07	01:41:03.431		156.673			4
2026.01.07	01:41:05.916	156.671				2
2026.01.07	01:41:07.155	156.672				2
2026.01.07	01:41:08.993	156.671				2
2026.01.07	01:41:09.300	156.672	156.674			6
2026.01.07	01:41:09.602	156.674	156.675			6
2026.01.07	01:41:09.903	156.681	156.684			6
2026.01.07	01:41:11.136	156.680				2
2026.01.07	01:41:13.464		156.683			4
2026.01.07	01:41:14.402	156.681				2
2026.01.07	01:41:15.330	156.680				2
2026.01.07	01:41:16.266		156.684			4
2026.01.07	01:41:23.044		156.682			4
2026.01.07	01:41:25.840	156.681				2
2026.01.07	01:41:32.043	156.680				2
2026.01.07	01:41:32.973		156.684			4
2026.01.07	01:41:36.392	156.681				2
2026.01.07	01:41:40.422		156.683			4
2026.01.07	01:41:45.065	156.680				2
2026.01.07	01:41:46.314	156.681				2
2026.01.07	01:41:48.159		156.682			4
2026.01.07	01:41:48.780	156.680				2
2026.01.07	01:41:52.814		156.681			4
2026.01.07	01:41:53.122		156.683			4
2026.01.07	01:41:56.227	156.681				2
2026.01.07	01:42:00.242	156.681				2
2026.01.07	01:42:09.790	156.680	156.682			6
2026.01.07	01:42:11.014	156.681	156.683			6
2026.01.07	01:42:16.831	156.685	156.686			6
2026.01.07	01:42:17.143	156.684				2
2026.01.07	01:42:17.451	156.685				2
2026.01.07	01:42:18.066	156.684				2
2026.01.07	01:42:20.497	156.685				2
2026.01.07	01:42:21.415	156.686	156.687			6
2026.01.07	01:42:21.719	156.684	156.686			6
2026.01.07	01:42:22.029	156.685				2
2026.01.07	01:42:22.944	156.684				2
2026.01.07	01:42:23.250	156.685				2
2026.01.07	01:42:25.081	156.684				2
2026.01.07	01:42:25.385	156.685				2
2026.01.07	01:42:25.689	156.684				2
2026.01.07	01:42:25.996	156.685				2
2026.01.07	01:42:32.457	156.684				2
2026.01.07	01:42:32.773	156.685				2
2026.01.07	01:42:33.694	156.684				2
2026.01.07	01:42:34.926	156.685				2
2026.01.07	01:42:35.231		156.687			4
2026.01.07	01:42:38.016	156.684				2
2026.01.07	01:42:40.187	156.685				2
2026.01.07	01:43:00.150	156.685				2
2026.01.07	01:43:01.376		156.686			4
2026.01.07	01:43:15.174	156.683	156.684			6
2026.01.07	01:43:15.484	156.682	156.683			6
2026.01.07	01:43:18.259	156.672	156.673			6
2026.01.07	01:43:19.188	156.670				2
2026.01.07	01:43:19.502	156.671				2
2026.01.07	01:43:42.710	156.672				2
2026.01.07	01:44:00.037	156.672				2
2026.01.07	01:44:13.858	156.671	156.672			6
2026.01.07	01:44:20.602	156.672	156.673			6
2026.01.07	01:44:35.899	156.674	156.675			6
2026.01.07	01:44:36.207	156.673	156.674			6
2026.01.07	01:44:37.744	156.672	156.673			6
2026.01.07	01:44:51.255	156.673	156.674			6
2026.01.07	01:44:58.939	156.672	156.673			6
2026.01.07	01:45:00.160	156.671	156.672			6
2026.01.07	01:45:02.315	156.670	156.671			6
2026.01.07	01:45:02.618	156.671	156.672			6
2026.01.07	01:45:02.920	156.669	156.670			6
2026.01.07	01:45:05.670	156.670	156.671			6
2026.01.07	01:45:05.972	156.671	156.672			6
2026.01.07	01:45:06.595	156.672	156.673			6
2026.01.07	01:45:06.903	156.670	156.671			6
2026.01.07	01:45:07.213	156.669	156.670			6
2026.01.07	01:45:11.802	156.668	156.669			6
2026.01.07	01:45:12.110	156.670	156.671			6
2026.01.07	01:45:12.723	156.671	156.672			6
2026.01.07	01:45:16.398	156.673	156.674			6
2026.01.07	01:45:16.705	156.672	156.673			6
2026.01.07	01:45:17.323	156.674	156.675			6
2026.01.07	01:45:17.933	156.673	156.674			6
2026.01.07	01:45:19.155	156.672	156.673			6
2026.01.07	01:45:32.036	156.673	156.674			6
2026.01.07	01:45:40.025	156.672	156.673			6
2026.01.07	01:45:49.859	156.668	156.669			6
2026.01.07	01:45:51.393	156.667	156.668			6
2026.01.07	01:45:55.075	156.671	156.672			6
2026.01.07	01:45:55.377	156.672	156.673			6
2026.01.07	01:45:58.743	156.671	156.672			6
2026.01.07	01:46:00.268	156.669	156.670			6
2026.01.07	01:46:01.193	156.668	156.669			6
2026.01.07	01:46:03.040	156.669	156.670			6
2026.01.07	01:46:06.410	156.670	156.671			6
2026.01.07	01:46:07.336	156.673	156.674			6
2026.01.07	01:46:07.644	156.675	156.676			6
2026.01.07	01:46:11.688	156.683	156.684			6
2026.01.07	01:46:13.220	156.682	156.683			6
2026.01.07	01:46:17.274	156.678	156.679			6
2026.01.07	01:46:17.588	156.677	156.678			6
2026.01.07	01:46:18.213	156.676	156.677			6
2026.01.07	01:46:18.518	156.674	156.675			6
2026.01.07	01:46:19.462	156.673	156.674			6
2026.01.07	01:46:34.399	156.672	156.673			6
2026.01.07	01:46:41.637	156.673	156.674			6
2026.01.07	01:46:46.880	156.674	156.675			6
2026.01.07	01:46:49.064	156.672	156.673			6
2026.01.07	01:46:50.311	156.673	156.674			6
2026.01.07	01:46:53.996	156.672	156.673			6
2026.01.07	01:46:54.299	156.673	156.674			6
2026.01.07	01:46:56.155	156.674	156.675			6
2026.01.07	01:46:57.708	156.673	156.674			6
2026.01.07	01:46:58.627	156.672	156.673			6
2026.01.07	01:47:00.180	156.672				2
2026.01.07	01:47:02.353	156.673	156.674			6
2026.01.07	01:47:04.212	156.671	156.673			6
2026.01.07	01:47:07.916	156.659	156.661			6
2026.01.07	01:47:08.219	156.656	156.658			6
2026.01.07	01:47:08.537		156.657			4
2026.01.07	01:47:09.158	156.653	156.656			6
2026.01.07	01:47:11.014	156.654	156.657			6
2026.01.07	01:47:11.321		156.658			4
2026.01.07	01:47:13.184	156.655				2
2026.01.07	01:47:13.486	156.657	156.662			6
2026.01.07	01:47:13.792		156.661			4
2026.01.07	01:47:14.098	156.656				2
2026.01.07	01:47:16.281	156.655	156.660			6
2026.01.07	01:47:18.451	156.656				2
2026.01.07	01:47:20.014	156.655				2
2026.01.07	01:47:21.564		156.659			4
2026.01.07	01:47:25.275	156.654				2
2026.01.07	01:47:25.583	156.658	156.662			6
2026.01.07	01:47:25.895	156.656	156.660			6
2026.01.07	01:47:29.304	156.654	156.658			6
2026.01.07	01:47:30.552	156.655				2
2026.01.07	01:47:30.867		156.660			4
2026.01.07	01:47:31.491		156.659			4
2026.01.07	01:47:33.341	156.654				2
2026.01.07	01:47:35.806	156.655				2
2026.01.07	01:47:37.036	156.654				2
2026.01.07	01:47:43.531		156.658			4
2026.01.07	01:47:48.485	156.655	156.659			6
2026.01.07	01:47:48.795	156.656				2
2026.01.07	01:47:50.341	156.655				2
2026.01.07	01:47:55.276	156.654				2
2026.01.07	01:47:59.908	156.655				2
2026.01.07	01:48:00.210	156.655				2
2026.01.07	01:48:00.516	156.656				2
2026.01.07	01:48:03.303	156.655				2
2026.01.07	01:48:03.619	156.657				2
2026.01.07	01:48:03.929	156.654	156.658			6
2026.01.07	01:48:08.266	156.655				2
2026.01.07	01:48:12.287	156.656	156.659			6
2026.01.07	01:48:12.592		156.658			4
2026.01.07	01:48:16.930	156.655				2
2026.01.07	01:48:23.436	156.656				2
2026.01.07	01:48:23.749	156.655				2
2026.01.07	01:48:24.064	156.656				2
2026.01.07	01:48:25.946	156.658	156.660			6
2026.01.07	01:48:26.248	156.656				2
2026.01.07	01:48:30.902		156.658			4
2026.01.07	01:48:40.783	156.655				2
2026.01.07	01:48:44.480	156.645	156.647			6
2026.01.07	01:48:45.092	156.644				2
2026.01.07	01:48:45.408	156.645	156.648			6
2026.01.07	01:48:46.045	156.644	156.647			6
2026.01.07	01:49:00.244	156.644				2
2026.01.07	01:49:00.550	156.651	156.655			6
2026.01.07	01:49:00.852	156.653	156.656			6
2026.01.07	01:49:01.799	156.654	156.657			6
2026.01.07	01:49:02.116	156.653				2
2026.01.07	01:49:02.742	156.654				2
2026.01.07	01:49:03.056	156.653				2
2026.01.07	01:49:06.216	156.654				2
2026.01.07	01:49:06.848	156.653				2
2026.01.07	01:49:07.156	156.654				2
2026.01.07	01:49:17.395		156.658			4
2026.01.07	01:49:25.159	156.655				2
2026.01.07	01:49:26.705	156.654				2
2026.01.07	01:49:27.327	156.653				2
2026.01.07	01:49:27.946	156.654				2
2026.01.07	01:49:30.131		156.655			4
2026.01.07	01:49:30.439		156.658			4
2026.01.07	01:49:31.988	156.653				2
2026.01.07	01:49:35.109	156.654				2
2026.01.07	01:49:36.684	156.653				2
2026.01.07	01:49:39.078	156.654				2
2026.01.07	01:49:40.963	156.653				2
2026.01.07	01:49:44.149	156.652	156.657			6
2026.01.07	01:49:48.172	156.653				2
2026.01.07	01:49:51.283		156.656			4
2026.01.07	01:49:51.908	156.652				2
2026.01.07	01:49:52.528	156.651	156.652			6
2026.01.07	01:49:52.833	156.645	156.648			6
2026.01.07	01:49:53.472	156.644				2
2026.01.07	01:49:54.094	156.645				2
2026.01.07	01:49:55.957	156.643	156.647			6
2026.01.07	01:49:59.976	156.637	156.643			6
2026.01.07	01:50:00.277	156.640	156.645			6
2026.01.07	01:50:01.609	156.628	156.632			6
2026.01.07	01:50:01.946	156.627				2
2026.01.07	01:50:02.308		156.631			4
2026.01.07	01:50:05.536		156.632			4
2026.01.07	01:50:07.588		156.631			4
2026.01.07	01:50:11.592		156.632			4
2026.01.07	01:50:12.927	156.628				2
2026.01.07	01:50:14.157	156.627				2
2026.01.07	01:50:17.389	156.642	156.646			6
2026.01.07	01:50:28.857	156.639	156.645			6
2026.01.07	01:50:29.165	156.640				2
2026.01.07	01:50:36.499		156.646			4
2026.01.07	01:50:42.674	156.642	156.647			6
2026.01.07	01:50:44.232	156.651	156.656			6
2026.01.07	01:50:44.538		156.657			4
2026.01.07	01:50:47.667	156.653				2
2026.01.07	01:50:49.210	156.652				2
2026.01.07	01:50:55.089	156.654	156.660			6
2026.01.07	01:50:55.437	156.656	156.661			6
2026.01.07	01:50:57.996	156.658	156.662			6
2026.01.07	01:50:58.423	156.656				2
2026.01.07	01:51:00.053	156.657				2
2026.01.07	01:51:02.022	156.656				2
2026.01.07	01:51:06.903	156.657				2
2026.01.07	01:51:07.250	156.656	156.661			6
2026.01.07	01:51:15.876		156.662			4
2026.01.07	01:51:17.295	156.657	156.663			6
2026.01.07	01:51:17.962	156.656	156.662			6
2026.01.07	01:51:19.024	156.657	156.663			6
2026.01.07	01:51:20.548	156.656	156.661			6
2026.01.07	01:51:26.870	156.666	156.672			6
2026.01.07	01:51:27.591	156.669				2
2026.01.07	01:51:27.989		156.674			4
2026.01.07	01:51:28.352	156.670				2
2026.01.07	01:51:28.731	156.669				2
2026.01.07	01:51:29.477	156.670				2
2026.01.07	01:51:29.810	156.669				2
2026.01.07	01:51:30.125	156.668	156.673			6
2026.01.07	01:51:30.457	156.667				2
2026.01.07	01:51:30.809	156.668				2
2026.01.07	01:51:31.666	156.667				2
2026.01.07	01:51:39.204		156.672			4
2026.01.07	01:51:39.519	156.659	156.660			6
2026.01.07	01:51:39.822	156.654				2
2026.01.07	01:51:40.559	156.653	156.658			6
2026.01.07	01:51:41.580		156.656			4
2026.01.07	01:51:44.544	156.652				2
2026.01.07	01:51:50.182	156.653				2
2026.01.07	01:51:58.052	156.655	156.660			6
2026.01.07	01:52:00.595	156.656	156.661			6
2026.01.07	01:52:03.514		156.662			4
2026.01.07	01:52:24.217	156.655				2
2026.01.07	01:52:27.438	156.663	156.668			6
2026.01.07	01:52:30.174	156.664				2
2026.01.07	01:52:30.928	156.666	156.670			6
2026.01.07	01:52:42.456	156.667				2
2026.01.07	01:52:45.183	156.686	156.688			6
2026.01.07	01:52:45.487	156.684				2
2026.01.07	01:52:45.910	156.677	156.681			6
2026.01.07	01:52:46.214	156.676				2
2026.01.07	01:52:46.949		156.680			4
2026.01.07	01:52:47.269		156.679			4
2026.01.07	01:52:47.581		156.680			4
2026.01.07	01:52:50.624	156.665	156.668			6
2026.01.07	01:52:50.958		156.669			4
2026.01.07	01:52:52.589	156.666	156.670			6
2026.01.07	01:52:53.751	156.667				2
2026.01.07	01:52:55.303	156.682	156.687			6
2026.01.07	01:52:55.615	156.681				2
2026.01.07	01:52:55.919	156.682				2
2026.01.07	01:52:56.549	156.686	156.688			6
2026.01.07	01:52:56.979		156.689			4
2026.01.07	01:53:00.954	156.687	156.691			6
2026.01.07	01:53:01.754	156.679	156.683			6
2026.01.07	01:53:02.057	156.681	156.685			6
2026.01.07	01:53:09.040	156.682				2
2026.01.07	01:53:13.146	156.681				2
2026.01.07	01:53:21.743	156.677	156.682			6
2026.01.07	01:53:22.079	156.678				2
2026.01.07	01:53:26.862	156.676	156.678			6
2026.01.07	01:53:36.502	156.675				2
2026.01.07	01:53:36.850	156.676				2
2026.01.07	01:53:50.946	156.677	156.681			6
2026.01.07	01:53:51.437		156.680			4
2026.01.07	01:53:51.922	156.676	156.678			6
2026.01.07	01:53:56.486		156.680			4
2026.01.07	01:54:00.314	156.676				2
2026.01.07	01:54:02.161	156.684	156.687			6
2026.01.07	01:54:08.481		156.688			4
2026.01.07	01:54:08.941	156.682	156.686			6
2026.01.07	01:54:09.557	156.680	156.683			6
2026.01.07	01:54:11.070	156.676	156.678			6
2026.01.07	01:54:15.273	156.678	156.682			6
2026.01.07	01:54:17.114	156.677				2
2026.01.07	01:54:17.826	156.678				2
2026.01.07	01:54:18.140	156.677				2
2026.01.07	01:54:19.232	156.678				2
2026.01.07	01:54:31.876	156.677				2
2026.01.07	01:54:33.635	156.678				2
2026.01.07	01:54:39.548	156.677				2
2026.01.07	01:54:40.008	156.678				2
2026.01.07	01:54:42.049	156.677				2
2026.01.07	01:54:42.374	156.678				2
2026.01.07	01:54:46.719	156.677				2
2026.01.07	01:54:47.439	156.678				2
2026.01.07	01:55:00.173	156.678				2
2026.01.07	01:55:00.487	156.677				2
2026.01.07	01:55:04.407	156.678				2
2026.01.07	01:55:11.530	156.677				2
2026.01.07	01:55:11.856	156.678				2
2026.01.07	01:55:15.564		156.682			4
2026.01.07	01:55:16.179	156.677				2
2026.01.07	01:55:17.138		156.681			4
2026.01.07	01:55:30.263	156.672	156.675			6
2026.01.07	01:55:31.568	156.670	156.673			6
2026.01.07	01:55:31.874	156.669	156.672			6
2026.01.07	01:55:33.001	156.670				2
2026.01.07	01:55:40.128	156.668				2
2026.01.07	01:55:40.752	156.677	156.681			6
2026.01.07	01:55:41.057	156.678	156.680			6
2026.01.07	01:55:42.298	156.677				2
2026.01.07	01:55:44.229	156.678				2
2026.01.07	01:55:46.737		156.681			4
2026.01.07	01:55:53.410	156.685	156.689			6
2026.01.07	01:55:53.718		156.687			4
2026.01.07	01:55:54.036	156.683	156.686			6
2026.01.07	01:56:00.274	156.685	156.688			6
2026.01.07	01:56:00.577	156.687				2
2026.01.07	01:56:00.953	156.683	156.686			6
2026.01.07	01:56:04.380		156.687			4
2026.01.07	01:56:05.308	156.687	156.689			6
2026.01.07	01:56:05.947	156.686				2
2026.01.07	01:56:06.259	156.688	156.691			6
2026.01.07	01:56:08.391	156.689	156.692			6
2026.01.07	01:56:08.703	156.688				2
2026.01.07	01:56:09.778	156.687	156.691			6
2026.01.07	01:56:10.797	156.688				2
2026.01.07	01:56:11.416	156.691	156.695			6
2026.01.07	01:56:11.719	156.689	156.692			6
2026.01.07	01:56:12.040	156.688				2
2026.01.07	01:56:12.353		156.691			4
2026.01.07	01:56:12.977	156.687				2
2026.01.07	01:56:15.756	156.688				2
2026.01.07	01:56:24.185		156.692			4
2026.01.07	01:56:24.487	156.689				2
2026.01.07	01:56:38.441	156.693	156.695			6
2026.01.07	01:56:39.359	156.692				2
2026.01.07	01:56:43.182	156.693				2
2026.01.07	01:56:46.281	156.694				2
2026.01.07	01:56:50.256	156.693				2
2026.01.07	01:56:51.170	156.696	156.697			6
2026.01.07	01:56:51.479	156.703	156.707			6
2026.01.07	01:56:56.458	156.702				2
2026.01.07	01:56:58.944		156.706			4
2026.01.07	01:57:00.482	156.702				2
2026.01.07	01:57:04.055	156.701				2
2026.01.07	01:57:07.993	156.702				2
2026.01.07	01:57:11.102	156.701				2
2026.01.07	01:57:13.360	156.699	156.703			6
2026.01.07	01:57:13.661	156.701	156.706			6
2026.01.07	01:57:14.846	156.702				2
2026.01.07	01:57:15.762	156.701				2
2026.01.07	01:57:18.059	156.702				2
2026.01.07	01:57:19.634		156.705			4
2026.01.07	01:57:20.565	156.701	156.704			6
2026.01.07	01:57:22.030	156.704	156.706			6
2026.01.07	01:57:23.258	156.703				2
2026.01.07	01:57:24.146	156.704				2
2026.01.07	01:57:24.448		156.707			4
2026.01.07	01:57:28.398	156.702	156.705			6
2026.01.07	01:57:30.268	156.701	156.704			6
2026.01.07	01:57:31.830	156.703	156.706			6
2026.01.07	01:57:36.754	156.702				2
2026.01.07	01:57:40.159	156.703				2
2026.01.07	01:57:45.055	156.701	156.705			6
2026.01.07	01:57:45.666		156.704			4
2026.01.07	01:57:49.967	156.702				2
2026.01.07	01:57:52.741	156.701				2
2026.01.07	01:57:53.351		156.705			4
2026.01.07	01:57:53.653	156.700	156.704			6
2026.01.07	01:57:54.283		156.703			4
2026.01.07	01:57:54.591	156.702	156.706			6
2026.01.07	01:57:58.659	156.703				2
2026.01.07	01:57:59.581		156.705			4
2026.01.07	01:57:59.892	156.702				2
2026.01.07	01:58:00.194	156.702				2
2026.01.07	01:58:02.967	156.703				2
2026.01.07	01:58:03.271	156.702	156.704			6
2026.01.07	01:58:03.581	156.694	156.697			6
2026.01.07	01:58:07.574	156.695				2
2026.01.07	01:58:08.485	156.694				2
2026.01.07	01:58:09.093	156.688	156.690			6
2026.01.07	01:58:12.170	156.687				2
2026.01.07	01:58:12.476	156.689	156.691			6
2026.01.07	01:58:14.915	156.690	156.692			6
2026.01.07	01:58:22.266	156.692	156.695			6
2026.01.07	01:58:23.191	156.693				2
2026.01.07	01:58:24.417	156.691	156.694			6
2026.01.07	01:58:26.598	156.690	156.692			6
2026.01.07	01:58:26.907		156.691			4
2026.01.07	01:58:27.212	156.689				2
2026.01.07	01:58:28.156	156.690				2
2026.01.07	01:58:29.090	156.689				2
2026.01.07	01:58:29.416	156.688				2
2026.01.07	01:58:30.033	156.689				2
2026.01.07	01:58:30.340	156.688				2
2026.01.07	01:58:30.959	156.689				2
2026.01.07	01:58:32.190	156.683	156.685			6
2026.01.07	01:58:32.498	156.682				2
2026.01.07	01:58:33.430	156.683				2
2026.01.07	01:58:34.373	156.682				2
2026.01.07	01:58:37.765	156.683				2
2026.01.07	01:58:59.946	156.684				2
2026.01.07	01:59:00.254	156.684				2
2026.01.07	01:59:00.558	156.685	156.686			6
2026.01.07	01:59:01.169	156.686	156.687			6
2026.01.07	01:59:02.386	156.690	156.691			6
2026.01.07	01:59:07.597	156.691	156.692			6
2026.01.07	01:59:08.822	156.690	156.691			6
2026.01.07	01:59:09.130	156.693	156.695			6
2026.01.07	01:59:09.436	156.694				2
2026.01.07	01:59:10.348	156.693				2
2026.01.07	01:59:23.221		156.696			4
2026.01.07	01:59:23.530	156.694				2
2026.01.07	01:59:23.840	156.695				2
2026.01.07	01:59:26.294	156.694				2
2026.01.07	01:59:28.740	156.693	156.695			6
2026.01.07	01:59:29.352	156.694				2
2026.01.07	01:59:30.260	156.686	156.688			6
2026.01.07	01:59:30.566		156.687			4
2026.01.07	01:59:30.867	156.685	156.686			6
2026.01.07	01:59:31.175		156.687			4
2026.01.07	01:59:31.779	156.683	156.685			6
2026.01.07	01:59:32.080	156.682	156.684			6
2026.01.07	01:59:32.384		156.685			4
2026.01.07	01:59:34.530	156.681	156.682			6
2026.01.07	01:59:35.157	156.679	156.681			6
2026.01.07	01:59:35.776	156.671	156.672			6
2026.01.07	01:59:36.079	156.668	156.671			6
2026.01.07	01:59:36.395	156.667	156.669			6
2026.01.07	01:59:37.334	156.666				2
2026.01.07	01:59:37.944	156.665				2
2026.01.07	01:59:38.501	156.666				2
2026.01.07	01:59:39.111	156.667				2
2026.01.07	01:59:39.731	156.666	156.668			6
2026.01.07	01:59:41.584	156.665				2
2026.01.07	01:59:43.752	156.666				2
2026.01.07	01:59:44.360	156.668	156.669			6
2026.01.07	01:59:44.693		156.670			4
2026.01.07	01:59:46.240	156.670	156.672			6
2026.01.07	01:59:46.554	156.671				2
2026.01.07	01:59:48.726	156.670				2
2026.01.07	01:59:49.029	156.669	156.670			6
2026.01.07	01:59:50.272	156.667	156.669			6
2026.01.07	01:59:53.060	156.665	156.667			6
2026.01.07	02:00:00.203	156.666				2
2026.01.07	02:00:00.526	156.664	156.668			6
2026.01.07	02:00:01.156		156.669			4
2026.01.07	02:00:01.471	156.665	156.670			6
2026.01.07	02:00:01.832	156.651	156.656			6
2026.01.07	02:00:02.138	156.652				2
2026.01.07	02:00:02.471	156.653	156.654			6
2026.01.07	02:00:02.774	156.651	156.655			6
2026.01.07	02:00:03.865	156.654				2
2026.01.07	02:00:05.127	156.657	156.660			6
2026.01.07	02:00:05.435	156.658				2
2026.01.07	02:00:06.053	156.657	156.658			6
2026.01.07	02:00:06.358	156.658	156.661			6
2026.01.07	02:00:06.973	156.663	156.667			6
2026.01.07	02:00:07.280	156.671	156.674			6
2026.01.07	02:00:07.597	156.670	156.672			6
2026.01.07	02:00:07.900	156.669				2
2026.01.07	02:00:08.201	156.668				2
2026.01.07	02:00:09.465	156.664	156.668			6
2026.01.07	02:00:09.767		156.669			4
2026.01.07	02:00:10.407	156.665				2
2026.01.07	02:00:10.719	156.664	156.668			6
2026.01.07	02:00:11.046	156.665				2
2026.01.07	02:00:11.360	156.664				2
2026.01.07	02:00:12.120	156.666				2
2026.01.07	02:00:12.436	156.665				2
2026.01.07	02:00:13.641	156.654	156.657			6
2026.01.07	02:00:15.953	156.652				2
2026.01.07	02:00:19.668	156.656				2
2026.01.07	02:00:19.979	156.653				2
2026.01.07	02:00:20.388		156.656			4
2026.01.07	02:00:21.159	156.655	156.659			6
2026.01.07	02:00:21.464		156.657			4
2026.01.07	02:00:22.026	156.654				2
2026.01.07	02:00:25.811	156.650	156.655			6
2026.01.07	02:00:26.394	156.651				2
2026.01.07	02:00:28.553	156.644	156.648			6
2026.01.07	02:00:28.867		156.647			4
2026.01.07	02:00:29.205	156.643				2
2026.01.07	02:00:29.863		156.648			4
2026.01.07	02:00:30.203	156.631	156.633			6
2026.01.07	02:00:30.514	156.627	156.631			6
2026.01.07	02:00:30.986	156.628	156.632			6
2026.01.07	02:00:33.553	156.629	156.633			6
2026.01.07	02:00:34.307	156.628				2
2026.01.07	02:00:34.693		156.631			4
2026.01.07	02:00:37.158	156.630	156.633			6
2026.01.07	02:00:38.189	156.629				2
2026.01.07	02:00:39.625		156.632			4
2026.01.07	02:00:39.958	156.616	156.619			6
2026.01.07	02:00:40.263	156.613	156.617			6
2026.01.07	02:00:40.567	156.607	156.609			6
2026.01.07	02:00:40.878	156.605				2
2026.01.07	02:00:41.210	156.614	156.617			6
2026.01.07	02:00:41.520	156.610	156.613			6
2026.01.07	02:00:41.858	156.606	156.609			6
2026.01.07	02:00:42.425	156.607	156.610			6
2026.01.07	02:00:42.741	156.606				2
2026.01.07	02:00:43.405	156.608	156.611			6
2026.01.07	02:00:43.717	156.609	156.614			6
2026.01.07	02:00:44.019	156.610				2
2026.01.07	02:00:44.321		156.615			4
2026.01.07	02:00:44.946	156.606	156.611			6
2026.01.07	02:00:46.345	156.620	156.624			6
2026.01.07	02:00:46.688	156.644	156.646			6
2026.01.07	02:00:46.991	156.636	156.639			6
2026.01.07	02:00:47.342	156.635				2
2026.01.07	02:00:47.693	156.636				2
2026.01.07	02:00:48.035		156.640			4
2026.01.07	02:00:48.798		156.639			4
2026.01.07	02:00:50.348	156.645	156.648			6
2026.01.07	02:00:50.660	156.648	156.651			6
2026.01.07	02:00:50.984		156.652			4
2026.01.07	02:00:51.338		156.651			4
2026.01.07	02:00:51.647	156.650	156.653			6
2026.01.07	02:00:52.982	156.651	156.654			6
2026.01.07	02:00:53.917	156.658	156.661			6
2026.01.07	02:00:54.225		156.662			4
2026.01.07	02:00:54.552	156.657	156.661			6
2026.01.07	02:00:54.856	156.659	156.662			6
2026.01.07	02:00:55.170	156.657				2
2026.01.07	02:00:55.620	156.659				2
2026.01.07	02:00:55.942	156.660	156.663			6
2026.01.07	02:00:56.564	156.645	156.649			6
2026.01.07	02:00:56.890	156.647	156.650			6
2026.01.07	02:00:57.258	156.645				2
2026.01.07	02:00:57.915	156.644				2
2026.01.07	02:01:00.216	156.650	156.651			6
2026.01.07	02:01:00.520	156.648	156.652			6
2026.01.07	02:01:00.862	156.646	156.650			6
2026.01.07	02:01:01.169	156.644				2
2026.01.07	02:01:02.327	156.647				2
2026.01.07	02:01:02.639		156.651			4
2026.01.07	02:01:02.973		156.652			4
2026.01.07	02:01:03.782	156.645	156.650			6
2026.01.07	02:01:04.407		156.651			4
2026.01.07	02:01:06.561		156.650			4
2026.01.07	02:01:07.032		156.651			4
2026.01.07	02:01:07.585		156.650			4
2026.01.07	02:01:08.201	156.647	156.652			6
2026.01.07	02:01:08.529	156.645	156.650			6
2026.01.07	02:01:08.839	156.652	156.653			6
2026.01.07	02:01:09.557	156.653	156.654			6
2026.01.07	02:01:09.873	156.658	156.659			6
2026.01.07	02:01:10.176	156.663	156.668			6
2026.01.07	02:01:10.480	156.662				2
2026.01.07	02:01:10.796		156.666			4
2026.01.07	02:01:11.496		156.668			4
2026.01.07	02:01:11.799		156.667			4
2026.01.07	02:01:13.061	156.665	156.671			6
2026.01.07	02:01:13.383	156.666				2
2026.01.07	02:01:13.737	156.672	156.675			6
2026.01.07	02:01:14.039		156.676			4
2026.01.07	02:01:14.341		156.675			4
2026.01.07	02:01:16.996	156.674	156.678			6
2026.01.07	02:01:17.447	156.672	156.677			6
2026.01.07	02:01:18.207	156.673				2
2026.01.07	02:01:18.677		156.676			4
2026.01.07	02:01:18.983		156.677			4
2026.01.07	02:01:19.681	156.672				2
2026.01.07	02:01:20.403	156.685	156.690			6
2026.01.07	02:01:20.723		156.689			4
2026.01.07	02:01:21.053	156.684	156.685			6
2026.01.07	02:01:21.358	156.677	156.680			6
2026.01.07	02:01:21.668	156.676				2
2026.01.07	02:01:21.994	156.675				2
2026.01.07	02:01:22.377	156.676	156.681			6
2026.01.07	02:01:22.691	156.697	156.701			6
2026.01.07	02:01:22.998		156.702			4
2026.01.07	02:01:23.516	156.695	156.701			6
2026.01.07	02:01:23.903	156.696	156.702			6
2026.01.07	02:01:24.262		156.701			4
2026.01.07	02:01:25.188		156.702			4
2026.01.07	02:01:25.492		156.700			4
2026.01.07	02:01:25.884		156.701			4
2026.01.07	02:01:26.252		156.699			4
2026.01.07	02:01:26.674	156.697	156.701			6
2026.01.07	02:01:27.682	156.699	156.703			6
2026.01.07	02:01:28.000		156.704			4
2026.01.07	02:01:28.318	156.703	156.707			6
2026.01.07	02:01:28.625	156.702	156.706			6
2026.01.07	02:01:28.944	156.698	156.700			6
2026.01.07	02:01:29.258	156.696	156.701			6
2026.01.07	02:01:33.345	156.707	156.712			6
2026.01.07	02:01:36.372	156.709	156.713			6
2026.01.07	02:01:36.678	156.708	156.712			6
2026.01.07	02:01:38.141	156.716	156.720			6
2026.01.07	02:01:38.458		156.721			4
2026.01.07	02:01:39.381	156.710	156.714			6
2026.01.07	02:01:39.767	156.709	156.713			6
2026.01.07	02:01:40.279	156.708	156.712			6
2026.01.07	02:01:42.131	156.706	156.711			6
2026.01.07	02:01:43.149		156.712			4
2026.01.07	02:01:44.724	156.707				2
2026.01.07	02:01:47.177	156.708				2
2026.01.07	02:01:47.813	156.709				2
2026.01.07	02:01:48.184		156.713			4
2026.01.07	02:01:53.709	156.708	156.712			6
2026.01.07	02:01:56.366	156.727	156.732			6
2026.01.07	02:01:57.522	156.728				2
2026.01.07	02:01:58.519	156.729	156.733			6
2026.01.07	02:02:00.325	156.729				2
2026.01.07	02:02:01.195	156.736	156.740			6
2026.01.07	02:02:01.502		156.739			4
2026.01.07	02:02:01.819	156.734	156.738			6
2026.01.07	02:02:05.018	156.740	156.744			6
2026.01.07	02:02:05.357	156.739				2
2026.01.07	02:02:05.680	156.740				2
2026.01.07	02:02:06.421	156.741	156.745			6
2026.01.07	02:02:09.814	156.733	156.738			6
2026.01.07	02:02:10.127		156.737			4
2026.01.07	02:02:10.535	156.732				2
2026.01.07	02:02:12.018	156.734	156.738			6
2026.01.07	02:02:14.438	156.732	156.737			6
2026.01.07	02:02:15.053		156.736			4
2026.01.07	02:02:16.379	156.731	156.735			6
2026.01.07	02:02:16.693		156.736			4
2026.01.07	02:02:18.838		156.735			4
2026.01.07	02:02:20.746	156.715	156.719			6
2026.01.07	02:02:21.062	156.716	156.720			6
2026.01.07	02:02:21.701	156.714	156.718			6
2026.01.07	02:02:22.917	156.715				2
2026.01.07	02:02:23.710	156.714				2
2026.01.07	02:02:24.341	156.715				2
2026.01.07	02:02:25.482	156.714				2
2026.01.07	02:02:26.253	156.716	156.720			6
2026.01.07	02:02:26.558	156.715				2
2026.01.07	02:02:27.445	156.716				2
2026.01.07	02:02:27.771	156.714	156.719			6
2026.01.07	02:02:31.164	156.715				2
2026.01.07	02:02:32.830	156.716	156.720			6
2026.01.07	02:02:33.387	156.714	156.717			6
2026.01.07	02:02:33.730		156.719			4
2026.01.07	02:02:34.541	156.717	156.721			6
2026.01.07	02:02:37.602	156.718	156.722			6
2026.01.07	02:02:40.328	156.714	156.718			6
2026.01.07	02:02:41.370	156.716	156.720			6
2026.01.07	02:02:41.678	156.715	156.719			6
2026.01.07	02:02:42.062	156.714	156.718			6
2026.01.07	02:02:42.400		156.719			4
2026.01.07	02:02:47.812	156.713	156.717			6
2026.01.07	02:02:49.859	156.714	156.718			6
2026.01.07	02:02:52.104	156.716	156.719			6
2026.01.07	02:02:53.376	156.715				2
2026.01.07	02:02:54.324		156.718			4
2026.01.07	02:02:56.136	156.712	156.716			6
2026.01.07	02:02:58.792	156.713				2
2026.01.07	02:03:00.060	156.713	156.717			6
2026.01.07	02:03:01.608	156.717	156.721			6
2026.01.07	02:03:02.812	156.716	156.719			6
2026.01.07	02:03:03.444	156.715				2
2026.01.07	02:03:06.320		156.718			4
2026.01.07	02:03:08.181	156.717				2
2026.01.07	02:03:08.502		156.721			4
2026.01.07	02:03:08.946	156.726	156.728			6
2026.01.07	02:03:12.004	156.721	156.724			6
2026.01.07	02:03:12.641	156.724	156.727			6
2026.01.07	02:03:14.153	156.723	156.726			6
2026.01.07	02:03:14.471	156.725	156.727			6
2026.01.07	02:03:15.386		156.728			4
2026.01.07	02:03:15.820	156.717	156.721			6
2026.01.07	02:03:16.139	156.716	156.719			6
2026.01.07	02:03:17.080	156.715				2
2026.01.07	02:03:19.075	156.714	156.717			6
2026.01.07	02:03:19.740	156.724	156.727			6
2026.01.07	02:03:20.054	156.726	156.729			6
2026.01.07	02:03:24.185	156.724	156.727			6
2026.01.07	02:03:25.248	156.725				2
2026.01.07	02:03:25.553	156.726				2
2026.01.07	02:03:26.565		156.729			4
2026.01.07	02:03:27.375	156.725	156.728			6
2026.01.07	02:03:30.907	156.726				2
2026.01.07	02:03:31.818	156.724	156.727			6
2026.01.07	02:03:32.734	156.726	156.728			6
2026.01.07	02:03:33.424	156.730	156.733			6
2026.01.07	02:03:34.564	156.728	156.732			6
2026.01.07	02:03:34.867	156.729				2
2026.01.07	02:03:35.571	156.728	156.731			6
2026.01.07	02:03:36.758	156.727				2
2026.01.07	02:03:37.835	156.729				2
2026.01.07	02:03:38.494	156.737	156.740			6
2026.01.07	02:03:39.568	156.738				2
2026.01.07	02:03:40.424	156.741	156.742			6
2026.01.07	02:03:42.859	156.740	156.741			6
2026.01.07	02:03:43.164	156.739				2
2026.01.07	02:03:43.466	156.738				2
2026.01.07	02:03:43.932	156.751	156.753			6
2026.01.07	02:03:46.368	156.750				2
2026.01.07	02:03:46.848	156.749				2
2026.01.07	02:03:47.925	156.740	156.744			6
2026.01.07	02:03:49.431	156.739	156.743			6
2026.01.07	02:03:50.181		156.742			4
2026.01.07	02:03:50.666		156.741			4
2026.01.07	02:03:51.109	156.740	156.743			6
2026.01.07	02:03:51.810	156.742	156.745			6
2026.01.07	02:03:57.238	156.744	156.746			6
2026.01.07	02:03:58.360		156.745			4
2026.01.07	02:03:59.230	156.743				2
2026.01.07	02:03:59.547		156.746			4
2026.01.07	02:04:00.234	156.743	156.745			6
2026.01.07	02:04:00.615	156.742	156.746			6
2026.01.07	02:04:01.395	156.743				2
2026.01.07	02:04:01.740	156.744	156.747			6
2026.01.07	02:04:02.118	156.739	156.744			6
2026.01.07	02:04:02.422	156.750	156.753			6
2026.01.07	02:04:03.120	156.751				2
2026.01.07	02:04:03.797		156.754			4
2026.01.07	02:04:04.614		156.756			4
2026.01.07	02:04:05.291	156.752	156.757			6
2026.01.07	02:04:05.681	156.754	156.758			6
2026.01.07	02:04:05.998	156.763	156.764			6
2026.01.07	02:04:06.303		156.767			4
2026.01.07	02:04:06.922	156.764	156.768			6
2026.01.07	02:04:07.576	156.763				2
2026.01.07	02:04:07.899		156.767			4
2026.01.07	02:04:08.223	156.762				2
2026.01.07	02:04:10.924	156.761	156.766			6
2026.01.07	02:04:11.226		156.765			4
2026.01.07	02:04:11.585		156.766			4
2026.01.07	02:04:11.887	156.755	156.759			6
2026.01.07	02:04:12.953	156.753				2
2026.01.07	02:04:15.318	156.754				2
2026.01.07	02:04:16.096	156.753				2
2026.01.07	02:04:18.648		156.758			4
2026.01.07	02:04:18.961	156.752	156.757			6
2026.01.07	02:04:20.467		156.758			4
2026.01.07	02:04:20.968	156.753				2
2026.01.07	02:04:22.532		156.757			4
2026.01.07	02:04:22.837	156.754				2
2026.01.07	02:04:23.152	156.753				2
2026.01.07	02:04:23.461	156.754	156.758			6
2026.01.07	02:04:25.569	156.753	156.757			6
2026.01.07	02:04:26.510	156.754				2
2026.01.07	02:04:26.815	156.753				2
2026.01.07	02:04:27.437		156.756			4
2026.01.07	02:04:28.056	156.754	156.757			6
2026.01.07	02:04:30.328	156.753				2
2026.01.07	02:04:31.647	156.751	156.756			6
2026.01.07	02:04:32.207		156.755			4
2026.01.07	02:04:35.296		156.754			4
2026.01.07	02:04:36.163		156.752			4
2026.01.07	02:04:36.565		156.755			4
2026.01.07	02:04:37.922		156.754			4
2026.01.07	02:04:40.491		156.755			4
2026.01.07	02:04:43.915		156.756			4
2026.01.07	02:04:45.057	156.747	156.750			6
2026.01.07	02:04:45.698	156.748	156.752			6
2026.01.07	02:04:46.038	156.749				2
2026.01.07	02:04:49.447		156.753			4
2026.01.07	02:04:52.567	156.747	156.750			6
2026.01.07	02:04:52.885	156.746				2
2026.01.07	02:04:53.970	156.747				2
2026.01.07	02:04:54.378		156.751			4
2026.01.07	02:04:54.697	156.748				2
2026.01.07	02:04:55.032	156.749	156.752			6
2026.01.07	02:04:58.717		156.753			4
2026.01.07	02:04:59.992	156.750				2
2026.01.07	02:05:00.330	156.750				2
2026.01.07	02:05:01.141	156.749				2
2026.01.07	02:05:03.420	156.750				2
2026.01.07	02:05:05.584	156.749				2
2026.01.07	02:05:08.369		156.752			4
2026.01.07	02:05:09.296	156.748				2
2026.01.07	02:05:09.871	156.750				2
2026.01.07	02:05:13.274	156.749				2
2026.01.07	02:05:13.590		156.753			4
2026.01.07	02:05:14.134	156.750				2
2026.01.07	02:05:15.061	156.749	156.752			6
2026.01.07	02:05:15.362	156.750	156.753			6
2026.01.07	02:05:16.280	156.751				2
2026.01.07	02:05:16.580	156.750				2
2026.01.07	02:05:17.193	156.751	156.754			6
2026.01.07	02:05:17.499	156.750	156.753			6
2026.01.07	02:05:19.953	156.751				2
2026.01.07	02:05:20.256	156.750				2
2026.01.07	02:05:20.864	156.751				2
2026.01.07	02:05:21.172		156.754			4
2026.01.07	02:05:22.421	156.752	156.753			6
2026.01.07	02:05:22.739		156.754			4
2026.01.07	02:05:23.372		156.753			4
2026.01.07	02:05:23.674	156.751	156.755			6
2026.01.07	02:05:27.656	156.752				2
2026.01.07	02:05:28.570	156.761	156.765			6
2026.01.07	02:05:29.667	156.766	156.769			6
2026.01.07	02:05:29.975	156.765				2
2026.01.07	02:05:30.280	156.764				2
2026.01.07	02:05:33.887	156.763				2
2026.01.07	02:05:34.251	156.764	156.768			6
2026.01.07	02:05:34.560		156.769			4
2026.01.07	02:05:37.143	156.765	156.770			6
2026.01.07	02:05:39.007	156.767				2
2026.01.07	02:05:39.543	156.765	156.768			6
2026.01.07	02:05:40.417	156.764				2
2026.01.07	02:05:44.934	156.761	156.766			6
2026.01.07	02:05:51.856		156.765			4
2026.01.07	02:05:52.506		156.766			4
2026.01.07	02:05:53.804	156.762				2
2026.01.07	02:05:56.344	156.763				2
2026.01.07	02:05:58.715	156.762				2
2026.01.07	02:06:00.237	156.762				2
2026.01.07	02:06:00.847	156.761				2
2026.01.07	02:06:01.349	156.754	156.756			6
2026.01.07	02:06:01.658	156.751	156.754			6
2026.01.07	02:06:02.580	156.752				2
2026.01.07	02:06:02.886	156.751				2
2026.01.07	02:06:03.188	156.753	156.755			6
2026.01.07	02:06:04.221	156.754	156.757			6
2026.01.07	02:06:05.765	156.757	156.762			6
2026.01.07	02:06:06.080	156.759				2
2026.01.07	02:06:06.383	156.761	156.764			6
2026.01.07	02:06:09.387	156.762				2
2026.01.07	02:06:10.316	156.754	156.756			6
2026.01.07	02:06:10.620	156.751	156.754			6
2026.01.07	02:06:11.234	156.752	156.756			6
2026.01.07	02:06:11.538	156.753				2
2026.01.07	02:06:15.373	156.754				2
2026.01.07	02:06:20.295	156.752				2
2026.01.07	02:06:20.606	156.755	156.757			6
2026.01.07	02:06:20.919	156.754				2
2026.01.07	02:06:23.985		156.756			4
2026.01.07	02:06:25.835	156.753				2
2026.01.07	02:06:26.443	156.754				2
2026.01.07	02:06:26.745	156.755				2
2026.01.07	02:06:27.364	156.753				2
2026.01.07	02:06:27.667	156.754	156.757			6
2026.01.07	02:06:28.274		156.756			4
2026.01.07	02:06:28.581		156.755			4
2026.01.07	02:06:29.505	156.755	156.757			6
2026.01.07	02:06:29.821	156.754				2
2026.01.07	02:06:30.138	156.755				2
2026.01.07	02:06:33.491	156.757	156.759			6
2026.01.07	02:06:33.932	156.758				2
2026.01.07	02:06:34.682	156.759	156.761			6
2026.01.07	02:06:34.984	156.757	156.759			6
2026.01.07	02:06:35.287	156.756	156.758			6
2026.01.07	02:06:36.871	156.752	156.756			6
2026.01.07	02:06:37.190	156.753				2
2026.01.07	02:06:38.127	156.752	156.754			6
2026.01.07	02:06:38.432	156.754	156.755			6
2026.01.07	02:06:39.976	156.753				2
2026.01.07	02:06:40.585	156.752	156.754			6
2026.01.07	02:06:40.903	156.751				2
2026.01.07	02:06:42.133	156.752	156.755			6
2026.01.07	02:06:43.408	156.751	156.753			6
2026.01.07	02:06:44.632	156.750				2
2026.01.07	02:06:47.161	156.752				2
2026.01.07	02:06:48.087	156.751				2
2026.01.07	02:06:48.393	156.750				2
2026.01.07	02:06:49.548	156.751	156.752			6
2026.01.07	02:06:51.087		156.754			4
2026.01.07	02:06:52.013	156.752				2
2026.01.07	02:06:52.323		156.753			4
2026.01.07	02:06:55.996		156.754			4
2026.01.07	02:06:56.610		156.753			4
2026.01.07	02:06:56.913	156.754	156.756			6
2026.01.07	02:07:00.282	156.755				2
2026.01.07	02:07:00.590	156.754				2
2026.01.07	02:07:00.897	156.753				2
2026.01.07	02:07:02.187		156.757			4
2026.01.07	02:07:03.521	156.754				2
2026.01.07	02:07:04.134	156.753				2
2026.01.07	02:07:04.788	156.755	156.756			6
2026.01.07	02:07:05.399	156.754				2
2026.01.07	02:07:05.706		156.755			4
2026.01.07	02:07:07.847		156.757			4
2026.01.07	02:07:09.688	156.753	156.755			6
2026.01.07	02:07:10.004	156.751	156.754			6
2026.01.07	02:07:11.063	156.749	156.752			6
2026.01.07	02:07:12.598	156.740	156.741			6
2026.01.07	02:07:12.906	156.737				2
2026.01.07	02:07:13.523	156.738	156.742			6
2026.01.07	02:07:13.826	156.740				2
2026.01.07	02:07:14.128		156.744			4
2026.01.07	02:07:14.553		156.743			4
2026.01.07	02:07:14.861		156.744			4
2026.01.07	02:07:15.209	156.741	156.743			6
2026.01.07	02:07:15.517	156.750	156.753			6
2026.01.07	02:07:15.824	156.753	156.756			6
2026.01.07	02:07:16.135	156.752				2
2026.01.07	02:07:16.516	156.753				2
2026.01.07	02:07:17.452	156.754	156.757			6
2026.01.07	02:07:18.063	156.753				2
2026.01.07	02:07:19.307	156.752	156.755			6
2026.01.07	02:07:19.614	156.751	156.754			6
2026.01.07	02:07:22.414	156.750				2
2026.01.07	02:07:23.341	156.751				2
2026.01.07	02:07:27.041		156.753			4
2026.01.07	02:07:30.412	156.750				2
2026.01.07	02:07:31.024		156.751			4
2026.01.07	02:07:31.331	156.744	156.747			6
2026.01.07	02:07:31.947	156.741	156.743			6
2026.01.07	02:07:32.257	156.740				2
2026.01.07	02:07:33.182	156.741				2
2026.01.07	02:07:33.799	156.740				2
2026.01.07	02:07:38.097	156.739	156.740			6
2026.01.07	02:07:38.402	156.741	156.743			6
2026.01.07	02:07:38.715		156.742			4
2026.01.07	02:07:39.024	156.740				2
2026.01.07	02:07:41.829	156.741	156.743			6
2026.01.07	02:07:49.619		156.742			4
2026.01.07	02:07:50.243	156.742	156.744			6
2026.01.07	02:07:50.553	156.741				2
2026.01.07	02:07:50.859		156.743			4
2026.01.07	02:07:51.487		156.744			4
2026.01.07	02:07:54.881		156.743			4
2026.01.07	02:08:00.146	156.741				2
2026.01.07	02:08:01.065	156.740	156.742			6
2026.01.07	02:08:02.293	156.741				2
2026.01.07	02:08:06.901	156.742	156.743			6
2026.01.07	02:08:08.122	156.741	156.742			6
2026.01.07	02:08:09.045	156.754	156.757			6
2026.01.07	02:08:09.667	156.755				2
2026.01.07	02:08:09.977	156.756				2
2026.01.07	02:08:10.279	156.759	156.762			6
2026.01.07	02:08:10.582	156.758	156.761			6
2026.01.07	02:08:10.899	156.757				2
2026.01.07	02:08:12.145		156.759			4
2026.01.07	02:08:12.531	156.754	156.757			6
2026.01.07	02:08:13.149	156.753				2
2026.01.07	02:08:13.454	156.752	156.756			6
2026.01.07	02:08:14.077	156.753				2
2026.01.07	02:08:15.000	156.752				2
2026.01.07	02:08:17.379	156.753				2
2026.01.07	02:08:19.862	156.754	156.757			6
2026.01.07	02:08:20.177	156.753				2
2026.01.07	02:08:20.484	156.752	156.756			6
2026.01.07	02:08:24.113	156.753				2
2026.01.07	02:08:26.582	156.752				2
2026.01.07	02:08:28.936	156.753				2
2026.01.07	02:08:30.172	156.752	156.755			6
2026.01.07	02:08:31.095	156.753	156.756			6
2026.01.07	02:08:31.399	156.752	156.755			6
2026.01.07	02:08:34.149		156.753			4
2026.01.07	02:08:34.455	156.744	156.747			6
2026.01.07	02:08:34.765	156.745	156.748			6
2026.01.07	02:08:35.072	156.744	156.747			6
2026.01.07	02:08:35.376	156.745	156.748			6
2026.01.07	02:08:35.983	156.744				2
2026.01.07	02:08:36.373	156.745				2
2026.01.07	02:08:36.999	156.744				2
2026.01.07	02:08:38.394	156.755	156.758			6
2026.01.07	02:08:38.700	156.754	156.757			6
2026.01.07	02:08:39.317	156.753				2
2026.01.07	02:08:40.564		156.756			4
2026.01.07	02:08:40.872	156.752				2
2026.01.07	02:08:41.269		156.755			4
2026.01.07	02:08:42.835		156.754			4
2026.01.07	02:08:43.474		156.755			4
2026.01.07	02:08:45.356	156.753	156.756			6
2026.01.07	02:08:45.666	156.754	156.757			6
2026.01.07	02:08:46.366	156.755	156.758			6
2026.01.07	02:08:46.679		156.757			4
2026.01.07	02:08:47.292		156.758			4
2026.01.07	02:08:47.598	156.756				2
2026.01.07	02:08:48.531	156.754	156.757			6
2026.01.07	02:08:50.396	156.755				2
2026.01.07	02:08:50.704		156.756			4
2026.01.07	02:08:51.319	156.754				2
2026.01.07	02:08:54.396	156.756	156.758			6
2026.01.07	02:08:54.697		156.757			4
2026.01.07	02:08:55.307	156.755				2
2026.01.07	02:08:58.060	156.756				2
2026.01.07	02:08:58.669	156.755				2
2026.01.07	02:08:59.275		156.758			4
2026.01.07	02:08:59.577		156.757			4
2026.01.07	02:09:00.190	156.755				2
2026.01.07	02:09:00.493	156.754				2
2026.01.07	02:09:02.346		156.756			4
2026.01.07	02:09:03.262	156.753				2
2026.01.07	02:09:06.631		156.754			4
2026.01.07	02:09:06.940	156.745	156.746			6
2026.01.07	02:09:07.550	156.744	156.745			6
2026.01.07	02:09:07.860	156.745	156.746			6
2026.01.07	02:09:08.166	156.750	156.751			6
2026.01.07	02:09:08.479	156.751	156.752			6
2026.01.07	02:09:08.786	156.750				2
2026.01.07	02:09:09.696	156.752	156.753			6
2026.01.07	02:09:10.305	156.750	156.752			6
2026.01.07	02:09:10.611	156.752	156.753			6
2026.01.07	02:09:10.917	156.751	156.752			6
2026.01.07	02:09:12.139	156.750				2
2026.01.07	02:09:16.115	156.751				2
2026.01.07	02:09:17.041	156.750				2
2026.01.07	02:09:18.904	156.751				2
2026.01.07	02:09:19.216		156.753			4
2026.01.07	02:09:19.839	156.744	156.745			6
2026.01.07	02:09:20.144	156.748	156.751			6
2026.01.07	02:09:20.504	156.744	156.746			6
2026.01.07	02:09:20.819	156.750	156.751			6
2026.01.07	02:09:21.130	156.751	156.752			6
2026.01.07	02:09:21.741	156.749				2
2026.01.07	02:09:25.197	156.750				2
2026.01.07	02:09:28.919	156.751				2
2026.01.07	02:09:31.998	156.749				2
2026.01.07	02:09:36.327	156.750				2
2026.01.07	02:09:37.208	156.751				2
2026.01.07	02:09:39.360	156.752	156.753			6
2026.01.07	02:09:39.974	156.751	156.752			6
2026.01.07	02:09:45.198	156.752	156.753			6
2026.01.07	02:09:45.509	156.751	156.752			6
2026.01.07	02:09:46.121	156.752	156.753			6
2026.01.07	02:09:48.269	156.751				2
2026.01.07	02:09:49.188	156.756	156.757			6
2026.01.07	02:09:49.495	156.757	156.758			6
2026.01.07	02:09:50.415	156.759	156.760			6
2026.01.07	02:09:52.266	156.758				2
2026.01.07	02:09:55.961	156.762	156.764			6
2026.01.07	02:09:57.501	156.763	156.765			6
2026.01.07	02:10:00.264	156.763				2
2026.01.07	02:10:00.883	156.764	156.766			6
2026.01.07	02:10:01.493	156.763	156.765			6
2026.01.07	02:10:01.798	156.761				2
2026.01.07	02:10:03.340	156.766	156.767			6
2026.01.07	02:10:03.645	156.765				2
2026.01.07	02:10:04.565	156.764	156.766			6
2026.01.07	02:10:04.867	156.767	156.768			6
2026.01.07	02:10:05.482	156.766				2
2026.01.07	02:10:10.692	156.767				2
2026.01.07	02:10:11.000		156.769			4
2026.01.07	02:10:13.756	156.775	156.777			6
2026.01.07	02:10:15.592	156.776				2
2026.01.07	02:10:15.899	156.775				2
2026.01.07	02:10:16.509	156.776	156.778			6
2026.01.07	02:10:16.815	156.775	156.777			6
2026.01.07	02:10:18.653	156.776	156.778			6
2026.01.07	02:10:19.268	156.777	156.779			6
2026.01.07	02:10:22.640	156.776	156.778			6
2026.01.07	02:10:26.939	156.777	156.779			6
2026.01.07	02:10:27.245		156.778			4
2026.01.07	02:10:27.554	156.769	156.770			6
2026.01.07	02:10:27.859	156.766	156.767			6
2026.01.07	02:10:28.165		156.768			4
2026.01.07	02:10:29.996		156.767			4
2026.01.07	02:10:35.525	156.763	156.765			6
2026.01.07	02:10:36.762	156.766	156.767			6
2026.01.07	02:10:37.065	156.767	156.768			6
2026.01.07	02:10:37.674	156.766				2
2026.01.07	02:10:37.979		156.767			4
2026.01.07	02:10:40.441	156.765				2
2026.01.07	02:10:41.360	156.767	156.769			6
2026.01.07	02:10:41.976	156.765	156.767			6
2026.01.07	02:10:42.289	156.766	156.768			6
2026.01.07	02:10:42.900	156.765	156.767			6
2026.01.07	02:10:43.835	156.767	156.768			6
2026.01.07	02:10:45.681	156.766				2
2026.01.07	02:10:52.187	156.767				2
2026.01.07	02:10:53.416	156.766	156.767			6
2026.01.07	02:10:54.337	156.770	156.771			6
2026.01.07	02:10:54.642	156.777	156.778			6
2026.01.07	02:10:55.260		156.779			4
2026.01.07	02:10:55.872	156.779	156.781			6
2026.01.07	02:10:56.184	156.780	156.782			6
2026.01.07	02:10:56.490	156.779	156.781			6
2026.01.07	02:10:59.935	156.780	156.782			6
2026.01.07	02:11:00.256	156.780				2
2026.01.07	02:11:01.203	156.777	156.779			6
2026.01.07	02:11:01.520	156.780	156.782			6
2026.01.07	02:11:02.132	156.779	156.781			6
2026.01.07	02:11:02.449	156.780	156.782			6
2026.01.07	02:11:02.762	156.779	156.781			6
2026.01.07	02:11:03.065		156.780			4
2026.01.07	02:11:03.676	156.778	156.779			6
2026.01.07	02:11:04.294	156.780	156.782			6
2026.01.07	02:11:04.598	156.781	156.783			6
2026.01.07	02:11:04.901	156.786	156.787			6
2026.01.07	02:11:05.205	156.790	156.792			6
2026.01.07	02:11:06.138	156.791	156.793			6
2026.01.07	02:11:06.458	156.797	156.798			6
2026.01.07	02:11:06.766	156.796				2
2026.01.07	02:11:07.081	156.803	156.805			6
2026.01.07	02:11:07.386	156.802				2
2026.01.07	02:11:07.690	156.803				2
2026.01.07	02:11:08.002	156.802	156.804			6
2026.01.07	02:11:08.309	156.801				2
2026.01.07	02:11:08.614	156.795	156.798			6
2026.01.07	02:11:08.919		156.797			4
2026.01.07	02:11:09.234	156.794	156.796			6
2026.01.07	02:11:09.719	156.788	156.791			6
2026.01.07	02:11:10.678	156.789				2
2026.01.07	02:11:10.984	156.792	156.795			6
2026.01.07	02:11:11.298	156.790	156.791			6
2026.01.07	02:11:11.608	156.788	156.789			6
2026.01.07	02:11:12.539		156.791			4
2026.01.07	02:11:12.899	156.789				2
2026.01.07	02:11:13.214	156.790				2
2026.01.07	02:11:13.529		156.792			4
2026.01.07	02:11:13.834	156.791				2
2026.01.07	02:11:14.137	156.794	156.796			6
2026.01.07	02:11:14.754	156.795	156.798			6
2026.01.07	02:11:16.297	156.799	156.800			6
2026.01.07	02:11:17.286	156.795	156.797			6
2026.01.07	02:11:17.903		156.796			4
2026.01.07	02:11:18.525	156.792	156.795			6
2026.01.07	02:11:18.836		156.794			4
2026.01.07	02:11:19.755	156.793				2
2026.01.07	02:11:20.056	156.794	156.795			6
2026.01.07	02:11:20.373	156.793				2
2026.01.07	02:11:20.675	156.794				2
2026.01.07	02:11:21.299	156.795	156.796			6
2026.01.07	02:11:21.612	156.794	156.795			6
2026.01.07	02:11:22.235	156.795	156.796			6
2026.01.07	02:11:22.553	156.794	156.795			6
2026.01.07	02:11:22.860		156.797			4
2026.01.07	02:11:23.173	156.795	156.796			6
2026.01.07	02:11:25.026		156.797			4
2026.01.07	02:11:25.629	156.796				2
2026.01.07	02:11:26.567	156.797	156.798			6
2026.01.07	02:11:26.877	156.796				2
2026.01.07	02:11:27.187		156.797			4
2026.01.07	02:11:28.121	156.795	156.796			6
2026.01.07	02:11:28.733	156.794				2
2026.01.07	02:11:29.218	156.795				2
2026.01.07	02:11:32.324	156.796	156.797			6
2026.01.07	02:11:32.936	156.795	156.796			6
2026.01.07	02:11:33.238	156.798	156.799			6
2026.01.07	02:11:33.856	156.799	156.801			6
2026.01.07	02:11:34.169	156.798	156.799			6
2026.01.07	02:11:34.477	156.797	156.798			6
2026.01.07	02:11:34.779	156.795	156.797			6
2026.01.07	02:11:35.116	156.793	156.795			6
2026.01.07	02:11:35.421	156.796	156.798			6
2026.01.07	02:11:35.725	156.798	156.801			6
2026.01.07	02:11:36.039	156.800	156.802			6
2026.01.07	02:11:36.348	156.801				2
2026.01.07	02:11:36.651	156.802	156.803			6
2026.01.07	02:11:36.963	156.801	156.802			6
2026.01.07	02:11:37.888	156.800				2
2026.01.07	02:11:40.043	156.801				2
2026.01.07	02:11:40.352	156.800				2
2026.01.07	02:11:40.661	156.799				2
2026.01.07	02:11:41.034	156.798	156.801			6
2026.01.07	02:11:41.341	156.794	156.797			6
2026.01.07	02:11:41.961	156.797	156.800			6
2026.01.07	02:11:42.266	156.799	156.801			6
2026.01.07	02:11:42.567	156.797	156.800			6
2026.01.07	02:11:44.428	156.794	156.797			6
2026.01.07	02:11:44.730		156.796			4
2026.01.07	02:11:45.661	156.795				2
2026.01.07	02:11:45.966	156.792	156.794			6
2026.01.07	02:11:46.576		156.793			4
2026.01.07	02:11:47.800	156.791				2
2026.01.07	02:11:50.888	156.792				2
2026.01.07	02:11:52.129	156.789	156.791			6
2026.01.07	02:11:52.435	156.794	156.795			6
2026.01.07	02:11:52.738	156.795	156.796			6
2026.01.07	02:11:53.672	156.794	156.795			6
2026.01.07	02:11:57.105	156.795	156.796			6
2026.01.07	02:11:59.577	156.794	156.795			6
2026.01.07	02:11:59.883	156.791	156.793			6
2026.01.07	02:12:00.202	156.791				2
2026.01.07	02:12:00.523		156.792			4
2026.01.07	02:12:00.842	156.794	156.795			6
2026.01.07	02:12:01.758	156.797	156.798			6
2026.01.07	02:12:02.067		156.799			4
2026.01.07	02:12:02.374	156.796				2
2026.01.07	02:12:04.875	156.795	156.798			6
2026.01.07	02:12:05.178	156.796				2
2026.01.07	02:12:06.427		156.797			4
2026.01.07	02:12:07.693	156.797	156.798			6
2026.01.07	02:12:08.306	156.796	156.797			6
2026.01.07	02:12:09.532	156.797	156.798			6
2026.01.07	02:12:10.139	156.795	156.796			6
2026.01.07	02:12:10.745	156.798	156.799			6
2026.01.07	02:12:11.056	156.799	156.800			6
2026.01.07	02:12:11.363	156.793	156.795			6
2026.01.07	02:12:11.676	156.792	156.794			6
2026.01.07	02:12:13.206	156.791	156.793			6
2026.01.07	02:12:14.430	156.790	156.792			6
2026.01.07	02:12:15.356	156.789	156.791			6
2026.01.07	02:12:15.665	156.790	156.792			6
2026.01.07	02:12:15.972	156.792	156.793			6
2026.01.07	02:12:16.278	156.791	156.792			6
2026.01.07	02:12:17.205	156.790	156.791			6
2026.01.07	02:12:17.819	156.791	156.792			6
2026.01.07	02:12:18.129	156.790				2
2026.01.07	02:12:18.739		156.791			4
2026.01.07	02:12:19.048		156.792			4
2026.01.07	02:12:20.280	156.791				2
2026.01.07	02:12:20.593	156.790	156.791			6
2026.01.07	02:12:21.214	156.791	156.792			6
2026.01.07	02:12:21.827	156.790	156.791			6
2026.01.07	02:12:22.130	156.791	156.792			6
2026.01.07	02:12:23.060	156.790	156.791			6
2026.01.07	02:12:23.988	156.791	156.792			6
2026.01.07	02:12:25.521	156.792	156.793			6
2026.01.07	02:12:26.136	156.791	156.792			6
2026.01.07	02:12:27.677	156.785	156.787			6
2026.01.07	02:12:27.978	156.783	156.785			6
2026.01.07	02:12:28.285	156.786	156.787			6
2026.01.07	02:12:28.586	156.787	156.788			6
2026.01.07	02:12:30.738	156.788	156.789			6
2026.01.07	02:12:32.893	156.787	156.788			6
2026.01.07	02:12:35.995	156.788	156.789			6
2026.01.07	02:12:36.302	156.787	156.788			6
2026.01.07	02:12:36.927		156.789			4
2026.01.07	02:12:38.167	156.789	156.791			6
2026.01.07	02:12:38.472	156.790				2
2026.01.07	02:12:38.787	156.791	156.792			6
2026.01.07	02:12:39.718	156.792	156.793			6
2026.01.07	02:12:40.029	156.791				2
2026.01.07	02:12:41.897	156.793	156.794			6
2026.01.07	02:12:43.440	156.792	156.793			6
2026.01.07	02:12:43.746	156.791	156.792			6
2026.01.07	02:12:45.619	156.792	156.793			6
2026.01.07	02:12:45.928	156.790	156.791			6
2026.01.07	02:12:46.237	156.789	156.790			6
2026.01.07	02:12:46.539	156.790	156.791			6
2026.01.07	02:12:46.851	156.791	156.792			6
2026.01.07	02:12:47.154	156.790	156.791			6
2026.01.07	02:12:47.457	156.791	156.792			6
2026.01.07	02:12:48.684	156.792	156.793			6
2026.01.07	02:12:49.610	156.791	156.792			6
2026.01.07	02:12:50.227	156.792	156.793			6
2026.01.07	02:12:52.984	156.794	156.795			6
2026.01.07	02:12:54.831	156.792	156.793			6
2026.01.07	02:12:56.061	156.803	156.804			6
2026.01.07	02:12:56.666	156.805	156.806			6
2026.01.07	02:12:56.976	156.806	156.807			6
2026.01.07	02:12:57.286	156.805	156.806			6
2026.01.07	02:12:57.912	156.803	156.804			6
2026.01.07	02:12:59.457	156.802				2
2026.01.07	02:12:59.766	156.803				2
2026.01.07	02:13:00.071	156.803				2
2026.01.07	02:13:00.688	156.802	156.803			6
2026.01.07	02:13:01.617	156.803	156.804			6
2026.01.07	02:13:02.253	156.801	156.802			6
2026.01.07	02:13:02.557	156.802	156.803			6
2026.01.07	02:13:05.651	156.801	156.802			6
2026.01.07	02:13:05.963	156.802	156.803			6
2026.01.07	02:13:06.575	156.801	156.802			6
2026.01.07	02:13:06.889	156.802	156.803			6
2026.01.07	02:13:07.194	156.801	156.802			6
2026.01.07	02:13:07.509	156.802	156.803			6
2026.01.07	02:13:09.384		156.804			4
2026.01.07	02:13:09.702		156.803			4
2026.01.07	02:13:11.258	156.803	156.804			6
2026.01.07	02:13:12.194	156.804	156.805			6
2026.01.07	02:13:14.039	156.803	156.804			6
2026.01.07	02:13:14.967	156.804	156.805			6
2026.01.07	02:13:16.205	156.805	156.806			6
2026.01.07	02:13:16.515	156.804	156.805			6
2026.01.07	02:13:16.827	156.807	156.808			6
2026.01.07	02:13:17.131	156.804	156.805			6
2026.01.07	02:13:17.433	156.803	156.804			6
2026.01.07	02:13:27.540	156.804	156.805			6
2026.01.07	02:13:27.842	156.803	156.804			6
2026.01.07	02:13:28.459	156.804	156.805			6
2026.01.07	02:13:30.724	156.803	156.804			6
2026.01.07	02:13:39.931	156.802	156.803			6
2026.01.07	02:13:40.240	156.803	156.804			6
2026.01.07	02:13:43.314	156.802	156.803			6
2026.01.07	02:13:43.623	156.801	156.802			6
2026.01.07	02:13:44.234	156.798	156.799			6
2026.01.07	02:13:44.844	156.797	156.798			6
2026.01.07	02:13:45.772	156.796	156.797			6
2026.01.07	02:13:46.385	156.793	156.794			6
2026.01.07	02:13:47.310	156.794	156.795			6
2026.01.07	02:13:47.632	156.793	156.794			6
2026.01.07	02:13:49.482	156.794	156.795			6
2026.01.07	02:13:50.405	156.793	156.794			6
2026.01.07	02:13:51.330	156.794	156.795			6
2026.01.07	02:13:52.262	156.792	156.793			6
2026.01.07	02:13:53.800	156.794	156.795			6
2026.01.07	02:13:54.110	156.793	156.794			6
2026.01.07	02:13:55.644	156.792	156.793			6
2026.01.07	02:13:55.946	156.788	156.789			6
2026.01.07	02:13:56.251	156.787	156.788			6
2026.01.07	02:13:57.171	156.786	156.787			6
2026.01.07	02:14:00.240	156.786				2
2026.01.07	02:14:00.845	156.796	156.797			6
2026.01.07	02:14:01.146	156.793	156.794			6
2026.01.07	02:14:01.759	156.792	156.793			6
2026.01.07	02:14:02.388	156.793	156.794			6
2026.01.07	02:14:03.939	156.798	156.799			6
2026.01.07	02:14:04.242	156.800	156.801			6
2026.01.07	02:14:06.124	156.801	156.802			6
2026.01.07	02:14:06.425	156.800	156.801			6
2026.01.07	02:14:07.352	156.795	156.796			6
2026.01.07	02:14:07.661	156.791	156.792			6
2026.01.07	02:14:08.914	156.792	156.793			6
2026.01.07	02:14:09.238	156.793	156.794			6
2026.01.07	02:14:09.861	156.787	156.788			6
2026.01.07	02:14:18.563	156.785	156.786			6
2026.01.07	02:14:18.869	156.784	156.785			6
2026.01.07	02:14:19.183	156.785	156.786			6
2026.01.07	02:14:20.106	156.784	156.785			6
2026.01.07	02:14:20.727	156.785	156.786			6
2026.01.07	02:14:22.292	156.784	156.785			6
2026.01.07	02:14:23.214	156.782	156.783			6
2026.01.07	02:14:23.521	156.778	156.779			6
2026.01.07	02:14:23.824	156.777	156.778			6
2026.01.07	02:14:24.445	156.776	156.777			6
