<DATE>	<TIME>	<BID>	<ASK>	<LAST>	<VOLUME>	<FLAGS>
2026.04.01	00:03:30.923	158.755	158.844			6
2026.04.01	00:03:33.023	158.747	158.824			6
2026.04.01	00:04:00.110	158.747				2
2026.04.01	00:04:33.222		158.824			4
2026.04.01	00:05:00.296	158.747				2
2026.04.01	00:05:05.408	158.768				2
2026.04.01	00:05:08.113	158.767				2
2026.04.01	00:05:13.228	158.774				2
2026.04.01	00:05:33.385		158.824			4
2026.04.01	00:05:40.913	158.775				2
2026.04.01	00:06:00.181	158.775				2
2026.04.01	00:06:22.756	158.774				2
2026.04.01	00:06:33.589		158.824			4
2026.04.01	00:07:00.056	158.774				2
2026.04.01	00:07:27.744	158.746				2
2026.04.01	00:07:28.343	158.745				2
2026.04.01	00:07:33.758		158.824			4
2026.04.01	00:07:47.895	158.737	158.799			6
2026.04.01	00:07:55.419	158.736				2
2026.04.01	00:07:58.429	158.737				2
2026.04.01	00:08:00.238	158.737				2
2026.04.01	00:08:03.240	158.732	158.794			6
2026.04.01	00:08:48.075	158.734				2
2026.04.01	00:08:58.610	158.733				2
2026.04.01	00:09:00.116	158.733				2
2026.04.01	00:09:03.422		158.794			4
2026.04.01	00:09:18.186	158.734				2
2026.04.01	00:09:29.043	158.733				2
2026.04.01	00:09:49.526	158.734				2
2026.04.01	00:10:00.053	158.734				2
2026.04.01	00:10:00.353	158.732	158.838			6
2026.04.01	00:10:00.955		158.794			4
2026.04.01	00:10:03.963	158.733				2
2026.04.01	00:10:14.196	158.732				2
2026.04.01	00:10:14.494	158.731				2
2026.04.01	00:10:25.026	158.730				2
2026.04.01	00:10:26.234	158.731				2
2026.04.01	00:10:31.043	158.730				2
2026.04.01	00:11:00.241	158.729				2
2026.04.01	00:11:01.142		158.794			4
2026.04.01	00:11:08.058	158.730				2
2026.04.01	00:11:15.587	158.731				2
2026.04.01	00:11:17.391	158.730				2
2026.04.01	00:11:18.292	158.731				2
2026.04.01	00:11:20.997	158.732				2
2026.04.01	00:11:27.315	158.731				2
2026.04.01	00:11:32.429	158.733				2
2026.04.01	00:11:55.584	158.732				2
2026.04.01	00:12:00.109	158.732				2
2026.04.01	00:12:00.405		158.838			4
2026.04.01	00:12:01.008		158.794			4
2026.04.01	00:12:08.540	158.731				2
2026.04.01	00:12:13.661	158.732				2
2026.04.01	00:12:27.212	158.751	158.804			6
2026.04.01	00:12:32.329	158.753				2
2026.04.01	00:12:36.845		158.818			4
2026.04.01	00:12:38.047		158.846			4
2026.04.01	00:12:39.550	158.751				2
2026.04.01	00:12:41.955	158.764	158.849			6
2026.04.01	00:12:42.260	158.756	158.851			6
2026.04.01	00:15:09.006	158.747	158.814			6
2026.04.01	00:15:09.275	158.754				2
2026.04.01	00:15:11.145		158.839			4
2026.04.01	00:15:12.047		158.814			4
2026.04.01	00:15:16.562	158.755				2
2026.04.01	00:15:18.365	158.753				2
2026.04.01	00:15:18.665	158.758				2
2026.04.01	00:15:20.168	158.750				2
2026.04.01	00:15:22.279	158.755	158.819			6
2026.04.01	00:15:22.577	158.762				2
2026.04.01	00:15:26.490	158.749				2
2026.04.01	00:15:27.113	158.756				2
2026.04.01	00:15:28.315	158.779	158.824			6
2026.04.01	00:15:28.917	158.775				2
2026.04.01	00:15:29.519	158.773				2
2026.04.01	00:15:30.421		158.843			4
2026.04.01	00:15:30.721	158.774	158.844			6
2026.04.01	00:15:31.022	158.775	158.845			6
2026.04.01	00:15:31.324	158.774	158.824			6
2026.04.01	00:15:34.637	158.775				2
2026.04.01	00:15:35.838	158.771				2
2026.04.01	00:15:37.039	158.763	158.831			6
2026.04.01	00:15:42.162	158.766				2
2026.04.01	00:15:43.062	158.768				2
2026.04.01	00:15:47.585	158.767				2
2026.04.01	00:15:52.707	158.764				2
2026.04.01	00:15:57.222	158.766				2
2026.04.01	00:16:00.238	158.762				2
2026.04.01	00:16:01.743	158.768				2
2026.04.01	00:16:02.043	158.769				2
2026.04.01	00:16:02.347	158.767				2
2026.04.01	00:16:07.155	158.758				2
2026.04.01	00:16:08.060	158.759	158.836			6
2026.04.01	00:16:08.362	158.765	158.838			6
2026.04.01	00:16:08.663	158.768				2
2026.04.01	00:16:09.263	158.767				2
2026.04.01	00:16:09.562	158.766				2
2026.04.01	00:16:13.480	158.778	158.843			6
2026.04.01	00:16:18.294	158.780				2
2026.04.01	00:16:18.894	158.781				2
2026.04.01	00:16:23.113	158.780				2
2026.04.01	00:16:25.518	158.782				2
2026.04.01	00:16:27.622	158.781				2
2026.04.01	00:16:28.522	158.780				2
2026.04.01	00:16:40.254	158.774				2
2026.04.01	00:16:40.855	158.779	158.853			6
2026.04.01	00:16:41.443	158.799				2
2026.04.01	00:16:42.043	158.795				2
2026.04.01	00:16:45.653	158.796				2
2026.04.01	00:16:45.953	158.792				2
2026.04.01	00:16:49.860	158.793				2
2026.04.01	00:16:51.062	158.794				2
2026.04.01	00:16:52.565	158.775	158.840			6
2026.04.01	00:16:53.471		158.838			4
2026.04.01	00:16:55.276	158.777	158.844			6
2026.04.01	00:17:00.096	158.777				2
2026.04.01	00:17:07.913	158.775	158.838			6
2026.04.01	00:17:14.235		158.844			4
2026.04.01	00:17:24.644	158.779				2
2026.04.01	00:17:27.349	158.775	158.843			6
2026.04.01	00:17:31.262		158.844			4
2026.04.01	00:17:35.585	158.774				2
2026.04.01	00:17:36.488	158.775				2
2026.04.01	00:17:37.989	158.772	158.842			6
2026.04.01	00:17:48.525	158.776	158.844			6
2026.04.01	00:17:52.437	158.775	158.845			6
2026.04.01	00:18:00.256	158.775				2
2026.04.01	00:18:02.055	158.773	158.843			6
2026.04.01	00:18:08.964	158.776	158.846			6
2026.04.01	00:18:09.267	158.775	158.845			6
2026.04.01	00:18:11.970	158.776				2
2026.04.01	00:18:34.836	158.775	158.839			6
2026.04.01	00:18:35.138		158.843			4
2026.04.01	00:18:41.747	158.777	158.846			6
2026.04.01	00:18:57.382	158.776	158.845			6
2026.04.01	00:19:00.092	158.776				2
2026.04.01	00:19:21.750	158.778	158.846			6
2026.04.01	00:19:22.053	158.777	158.845			6
2026.04.01	00:19:31.994	158.776	158.844			6
2026.04.01	00:19:55.452		158.842			4
2026.04.01	00:19:58.460	158.779	158.845			6
2026.04.01	00:20:00.270	158.775	158.848			6
2026.04.01	00:21:10.232	158.775	158.848			6
2026.04.01	00:22:00.232	158.775				2
2026.04.01	00:22:10.590		158.848			4
2026.04.01	00:22:32.304		158.855			4
2026.04.01	00:22:32.908		158.851			4
2026.04.01	00:22:33.208		158.848			4
2026.04.01	00:23:05.591	158.775				2
2026.04.01	00:23:21.761		158.846			4
2026.04.01	00:23:31.697	158.779	158.848			6
2026.04.01	00:23:33.054		158.853			4
2026.04.01	00:23:42.074	158.777				2
2026.04.01	00:24:00.152	158.777				2
2026.04.01	00:24:00.753	158.779				2
2026.04.01	00:24:32.051		158.851			4
2026.04.01	00:24:33.254		158.848			4
2026.04.01	00:24:55.593	158.778				2
2026.04.01	00:25:00.021	158.778				2
2026.04.01	00:25:08.527	158.779				2
2026.04.01	00:25:33.476	158.778	158.848			6
2026.04.01	00:25:43.339		158.845			4
2026.04.01	00:25:49.447		158.842			4
2026.04.01	00:25:50.650	158.779				2
2026.04.01	00:25:55.158		158.843			4
2026.04.01	00:26:00.263	158.779				2
2026.04.01	00:26:02.669		158.845			4
2026.04.01	00:26:40.469		158.841			4
2026.04.01	00:26:45.888	158.780				2
2026.04.01	00:26:58.537		158.845			4
2026.04.01	00:27:01.942	158.780				2
2026.04.01	00:27:47.635		158.846			4
2026.04.01	00:27:47.936		158.842			4
2026.04.01	00:27:48.537		158.844			4
2026.04.01	00:28:00.296	158.780				2
2026.04.01	00:28:00.897		158.845			4
2026.04.01	00:28:08.120		158.846			4
2026.04.01	00:29:00.176	158.780	158.842			6
2026.04.01	00:29:10.412		158.845			4
2026.04.01	00:30:00.022	158.780	158.848			6
2026.04.01	00:30:08.407		158.846			4
2026.04.01	00:30:09.007		158.848			4
2026.04.01	00:30:09.312		158.847			4
2026.04.01	00:30:09.913		158.846			4
2026.04.01	00:30:10.814		158.848			4
2026.04.01	00:30:11.116		158.847			4
2026.04.01	00:30:11.416		158.843			4
2026.04.01	00:30:11.717		158.846			4
2026.04.01	00:30:12.018		158.848			4
2026.04.01	00:30:12.318		158.847			4
2026.04.01	00:30:12.618		158.848			4
2026.04.01	00:30:13.220		158.846			4
2026.04.01	00:30:13.521		158.845			4
2026.04.01	00:30:15.036		158.846			4
2026.04.01	00:30:15.636		158.844			4
2026.04.01	00:30:16.237		158.845			4
2026.04.01	00:30:16.537		158.846			4
2026.04.01	00:30:17.138		158.845			4
2026.04.01	00:30:17.739		158.846			4
2026.04.01	00:30:18.342		158.845			4
2026.04.01	00:30:41.861		158.844			4
2026.04.01	00:30:44.391		158.848			4
2026.04.01	00:31:04.235	158.780				2
2026.04.01	00:31:07.951		158.846			4
2026.04.01	00:31:08.641		158.848			4
2026.04.01	00:31:29.012		158.844			4
2026.04.01	00:31:29.313		158.848			4
2026.04.01	00:31:31.023		158.847			4
2026.04.01	00:31:39.856		158.848			4
2026.04.01	00:31:40.157		158.845			4
2026.04.01	00:31:42.368		158.843			4
2026.04.01	00:31:42.668		158.844			4
2026.04.01	00:31:42.970		158.848			4
2026.04.01	00:31:43.272		158.846			4
2026.04.01	00:31:43.572		158.848			4
2026.04.01	00:31:48.408		158.844			4
2026.04.01	00:31:48.710		158.845			4
2026.04.01	00:31:50.475		158.848			4
2026.04.01	00:31:51.726		158.846			4
2026.04.01	00:31:57.024		158.848			4
2026.04.01	00:32:00.181	158.780	158.847			6
2026.04.01	00:32:00.482		158.848			4
2026.04.01	00:32:01.837		158.847			4
2026.04.01	00:32:02.437	158.768				2
2026.04.01	00:32:02.737	158.774	158.846			6
2026.04.01	00:32:03.037		158.841			4
2026.04.01	00:32:03.338		158.847			4
2026.04.01	00:32:03.657	158.775				2
2026.04.01	00:32:05.024	158.767	158.842			6
2026.04.01	00:32:05.628	158.768				2
2026.04.01	00:32:08.023	158.770	158.844			6
2026.04.01	00:32:10.026	158.765				2
2026.04.01	00:32:18.420	158.764	158.840			6
2026.04.01	00:32:20.576	158.781	158.825			6
2026.04.01	00:32:30.034		158.826			4
2026.04.01	00:32:30.449		158.825			4
2026.04.01	00:32:30.748	158.785	158.826			6
2026.04.01	00:32:31.951	158.786	158.825			6
2026.04.01	00:32:38.263	158.785				2
2026.04.01	00:32:40.066	158.786				2
2026.04.01	00:32:43.680	158.784				2
2026.04.01	00:32:44.580	158.786				2
2026.04.01	00:32:47.894	158.781				2
2026.04.01	00:33:00.232	158.781				2
2026.04.01	00:33:15.004	158.732	158.806			6
2026.04.01	00:33:16.025	158.728	158.804			6
2026.04.01	00:33:16.624	158.727	158.802			6
2026.04.01	00:33:19.025	158.734	158.805			6
2026.04.01	00:33:20.175	158.731	158.802			6
2026.04.01	00:33:21.024	158.732				2
2026.04.01	00:33:21.324	158.727	158.788			6
2026.04.01	00:33:22.826	158.724				2
2026.04.01	00:33:24.929	158.728				2
2026.04.01	00:33:25.534	158.718	158.785			6
2026.04.01	00:33:25.836	158.717				2
2026.04.01	00:33:28.690	158.714	158.778			6
2026.04.01	00:33:31.859		158.775			4
2026.04.01	00:33:32.162		158.781			4
2026.04.01	00:33:32.934	158.712	158.780			6
2026.04.01	00:33:36.044		158.774			4
2026.04.01	00:33:46.581	158.714				2
2026.04.01	00:34:00.232	158.714				2
2026.04.01	00:34:09.872		158.772			4
2026.04.01	00:34:12.035		158.774			4
2026.04.01	00:34:28.067		158.773			4
2026.04.01	00:34:30.209		158.774			4
2026.04.01	00:34:38.736		158.771			4
2026.04.01	00:34:49.988		158.774			4
2026.04.01	00:34:53.010		158.773			4
2026.04.01	00:35:00.010	158.714				2
2026.04.01	00:35:01.534		158.777			4
2026.04.01	00:35:01.834		158.773			4
2026.04.01	00:35:03.421		158.768			4
2026.04.01	00:35:04.294	158.712				2
2026.04.01	00:35:10.533		158.767			4
2026.04.01	00:35:12.934		158.769			4
2026.04.01	00:35:22.772		158.767			4
2026.04.01	00:35:25.537		158.763			4
2026.04.01	00:35:30.671		158.765			4
2026.04.01	00:35:32.736		158.762			4
2026.04.01	00:35:33.038		158.764			4
2026.04.01	00:35:33.337		158.762			4
2026.04.01	00:35:33.637		158.763			4
2026.04.01	00:35:35.449		158.762			4
2026.04.01	00:35:37.253		158.761			4
2026.04.01	00:35:37.852		158.763			4
2026.04.01	00:35:38.454		158.762			4
2026.04.01	00:35:39.954		158.764			4
2026.04.01	00:35:42.936		158.763			4
2026.04.01	00:35:43.536		158.764			4
2026.04.01	00:35:46.734	158.714				2
2026.04.01	00:35:47.733		158.763			4
2026.04.01	00:35:48.034		158.760			4
2026.04.01	00:35:48.335		158.761			4
2026.04.01	00:35:49.838		158.762			4
2026.04.01	00:35:52.842		158.761			4
2026.04.01	00:35:54.348		158.762			4
2026.04.01	00:35:55.852		158.761			4
2026.04.01	00:35:57.959		158.762			4
2026.04.01	00:35:59.463		158.761			4
2026.04.01	00:36:00.064	158.714				2
2026.04.01	00:36:00.664		158.762			4
2026.04.01	00:36:02.180		158.761			4
2026.04.01	00:36:02.481		158.762			4
2026.04.01	00:36:03.081		158.761			4
2026.04.01	00:36:03.381		158.762			4
2026.04.01	00:36:03.985		158.760			4
2026.04.01	00:36:04.889		158.761			4
2026.04.01	00:36:07.899		158.763			4
2026.04.01	00:36:13.011		158.762			4
2026.04.01	00:36:13.613		158.764			4
2026.04.01	00:36:14.735		158.763			4
2026.04.01	00:36:17.739		158.765			4
2026.04.01	00:36:19.394		158.764			4
2026.04.01	00:36:20.296		158.765			4
2026.04.01	00:36:24.120		158.766			4
2026.04.01	00:36:24.420		158.767			4
2026.04.01	00:36:25.631	158.701				2
2026.04.01	00:36:27.137	158.698	158.764			6
2026.04.01	00:36:27.436	158.696	158.762			6
2026.04.01	00:36:28.339	158.714				2
2026.04.01	00:36:29.239		158.761			4
2026.04.01	00:36:29.541		158.760			4
2026.04.01	00:36:31.342		158.761			4
2026.04.01	00:36:32.652		158.760			4
2026.04.01	00:36:44.559		158.758			4
2026.04.01	00:37:00.036	158.714				2
2026.04.01	00:37:05.091		158.746			4
2026.04.01	00:37:06.034		158.752			4
2026.04.01	00:37:10.097	158.709				2
2026.04.01	00:37:11.063	158.707	158.749			6
2026.04.01	00:37:21.937		158.750			4
2026.04.01	00:37:22.239		158.747			4
2026.04.01	00:37:32.526	158.706				2
2026.04.01	00:37:32.825	158.696	158.741			6
2026.04.01	00:37:33.127		158.744			4
2026.04.01	00:37:34.140	158.690				2
2026.04.01	00:37:35.644	158.710				2
2026.04.01	00:37:38.137	158.701	158.731			6
2026.04.01	00:37:39.636		158.735			4
2026.04.01	00:37:39.937		158.734			4
2026.04.01	00:37:41.213	158.702				2
2026.04.01	00:37:42.546	158.683	158.727			6
2026.04.01	00:37:42.846		158.728			4
2026.04.01	00:37:43.412	158.687				2
2026.04.01	00:37:44.671		158.727			4
2026.04.01	00:37:45.447	158.682	158.726			6
2026.04.01	00:37:46.152	158.683				2
2026.04.01	00:37:47.735		158.725			4
2026.04.01	00:37:48.036	158.674	158.712			6
2026.04.01	00:37:48.336		158.715			4
2026.04.01	00:37:48.936	158.675				2
2026.04.01	00:37:50.009		158.716			4
2026.04.01	00:37:50.312		158.714			4
2026.04.01	00:37:51.154	158.676				2
2026.04.01	00:37:57.935	158.679				2
2026.04.01	00:37:58.837	158.682				2
2026.04.01	00:38:00.155	158.682				2
2026.04.01	00:38:01.171	158.683	158.716			6
2026.04.01	00:38:01.877		158.715			4
2026.04.01	00:38:03.871		158.716			4
2026.04.01	00:38:06.141	158.666				2
2026.04.01	00:38:07.837	158.659	158.714			6
2026.04.01	00:38:08.136		158.715			4
2026.04.01	00:38:09.337		158.716			4
2026.04.01	00:38:12.937	158.660				2
2026.04.01	00:38:17.934		158.715			4
2026.04.01	00:38:20.342	158.667	158.716			6
2026.04.01	00:38:25.448	158.664				2
2026.04.01	00:38:26.048	158.665				2
2026.04.01	00:38:26.744	158.663				2
2026.04.01	00:38:30.449	158.667				2
2026.04.01	00:38:33.236	158.686				2
2026.04.01	00:38:35.390	158.683				2
2026.04.01	00:38:36.574	158.681				2
2026.04.01	00:38:37.836	158.682				2
2026.04.01	00:38:40.446	158.681				2
2026.04.01	00:38:41.225	158.684				2
2026.04.01	00:38:42.225	158.685				2
2026.04.01	00:38:45.449	158.683				2
2026.04.01	00:38:46.925	158.681				2
2026.04.01	00:38:50.448	158.679				2
2026.04.01	00:38:53.837	158.682				2
2026.04.01	00:38:55.449	158.683				2
2026.04.01	00:38:56.536	158.685				2
2026.04.01	00:38:58.836	158.687				2
2026.04.01	00:39:00.113	158.687				2
2026.04.01	00:39:00.414	158.686				2
2026.04.01	00:39:04.037	158.672				2
2026.04.01	00:39:05.446	158.668				2
2026.04.01	00:39:06.896	158.670				2
2026.04.01	00:39:20.734		158.716			4
2026.04.01	00:39:29.806	158.671				2
2026.04.01	00:39:30.108	158.670				2
2026.04.01	00:39:30.409	158.671				2
2026.04.01	00:39:31.901	158.669				2
2026.04.01	00:39:40.232	158.670				2
2026.04.01	00:39:54.069	158.685				2
2026.04.01	00:40:00.034	158.685				2
2026.04.01	00:40:04.092	158.670				2
2026.04.01	00:40:05.452	158.673	158.730			6
2026.04.01	00:40:11.463	158.672	158.729			6
2026.04.01	00:40:15.068		158.728			4
2026.04.01	00:40:15.671		158.729			4
2026.04.01	00:40:25.609	158.673	158.731			6
2026.04.01	00:40:25.910	158.672	158.729			6
2026.04.01	00:40:26.510	158.669				2
2026.04.01	00:40:26.813	158.672	158.731			6
2026.04.01	00:40:27.113		158.729			4
2026.04.01	00:40:28.015		158.731			4
2026.04.01	00:40:28.318		158.730			4
2026.04.01	00:40:31.625	158.671	158.729			6
2026.04.01	00:40:32.527	158.672	158.730			6
2026.04.01	00:40:37.939		158.731			4
2026.04.01	00:40:38.239		158.730			4
2026.04.01	00:40:48.455	158.671				2
2026.04.01	00:40:48.755	158.672				2
2026.04.01	00:40:55.983	158.671				2
2026.04.01	00:40:56.282	158.672	158.731			6
2026.04.01	00:41:00.076	158.672				2
2026.04.01	00:41:02.913	158.671	158.730			6
2026.04.01	00:41:03.214		158.726			4
2026.04.01	00:41:03.514		158.731			4
2026.04.01	00:41:03.814	158.672	158.730			6
2026.04.01	00:41:04.116	158.671				2
2026.04.01	00:41:04.716	158.673	158.731			6
2026.04.01	00:41:05.601	158.671	158.730			6
2026.04.01	00:41:06.503	158.693				2
2026.04.01	00:41:09.821		158.731			4
2026.04.01	00:41:12.786	158.692				2
2026.04.01	00:41:14.312		158.730			4
2026.04.01	00:41:23.936		158.731			4
2026.04.01	00:41:40.021	158.671				2
2026.04.01	00:41:40.321	158.707	158.765			6
2026.04.01	00:41:40.622	158.711	158.767			6
2026.04.01	00:41:41.524	158.710				2
2026.04.01	00:41:41.825	158.712				2
2026.04.01	00:41:42.125	158.706				2
2026.04.01	00:41:43.028	158.705				2
2026.04.01	00:41:43.333	158.708				2
2026.04.01	00:41:44.551	158.704				2
2026.04.01	00:41:44.851	158.705				2
2026.04.01	00:41:45.152	158.699				2
2026.04.01	00:41:45.752	158.701				2
2026.04.01	00:41:47.426	158.699				2
2026.04.01	00:41:48.176	158.702				2
2026.04.01	00:41:49.667	158.706				2
2026.04.01	00:41:52.837	158.703				2
2026.04.01	00:41:53.436	158.689	158.756			6
2026.04.01	00:41:55.024	158.688				2
2026.04.01	00:41:56.827	158.715				2
2026.04.01	00:42:00.233	158.715				2
2026.04.01	00:42:30.232	158.716				2
2026.04.01	00:42:53.559		158.756			4
2026.04.01	00:43:00.232	158.716				2
2026.04.01	00:43:05.136	158.715				2
2026.04.01	00:43:30.233	158.716				2
2026.04.01	00:43:54.635		158.756			4
2026.04.01	00:44:00.233	158.716				2
2026.04.01	00:44:46.166		158.737			4
2026.04.01	00:44:46.466		158.756			4
2026.04.01	00:44:46.767		158.737			4
2026.04.01	00:44:47.067		158.756			4
2026.04.01	00:44:47.378		158.737			4
2026.04.01	00:44:47.679		158.756			4
2026.04.01	00:44:47.979	158.722				2
2026.04.01	00:44:48.279		158.747			4
2026.04.01	00:44:48.581		158.756			4
2026.04.01	00:44:48.880		158.747			4
2026.04.01	00:44:49.182		158.756			4
2026.04.01	00:44:49.483		158.747			4
2026.04.01	00:44:49.785		158.756			4
2026.04.01	00:44:55.297	158.762	158.795			6
2026.04.01	00:44:55.597	158.761				2
2026.04.01	00:44:55.902	158.760				2
2026.04.01	00:44:56.202	158.758				2
2026.04.01	00:44:56.502	158.752				2
2026.04.01	00:44:56.802	158.756				2
2026.04.01	00:44:57.103	158.751				2
2026.04.01	00:44:57.404	158.753				2
2026.04.01	00:44:57.704	158.756				2
2026.04.01	00:44:58.006	158.755				2
2026.04.01	00:44:58.308	158.753				2
2026.04.01	00:44:58.609	158.751				2
2026.04.01	00:44:59.210	158.748				2
2026.04.01	00:44:59.511	158.750				2
2026.04.01	00:44:59.812	158.751				2
2026.04.01	00:45:00.112	158.751				2
2026.04.01	00:45:00.712	158.750				2
2026.04.01	00:45:01.615	158.751				2
2026.04.01	00:45:01.914	158.750				2
2026.04.01	00:45:02.215	158.732	158.798			6
2026.04.01	00:45:02.515	158.733	158.799			6
2026.04.01	00:45:02.815	158.729	158.795			6
2026.04.01	00:45:03.417	158.739	158.805			6
2026.04.01	00:45:03.717	158.735	158.801			6
2026.04.01	00:45:04.018	158.729	158.795			6
2026.04.01	00:45:04.320	158.722	158.788			6
2026.04.01	00:45:04.620	158.724	158.790			6
2026.04.01	00:45:04.921	158.746				2
2026.04.01	00:45:05.521	158.744	158.785			6
2026.04.01	00:45:05.822	158.749	158.795			6
2026.04.01	00:45:06.121	158.752				2
2026.04.01	00:45:06.421	158.749				2
2026.04.01	00:45:06.721	158.748				2
2026.04.01	00:45:07.022	158.751	158.790			6
2026.04.01	00:45:07.322	158.749	158.795			6
2026.04.01	00:45:07.622	158.748				2
2026.04.01	00:45:07.922	158.750				2
2026.04.01	00:45:08.222	158.744	158.793			6
2026.04.01	00:45:08.523	158.746				2
2026.04.01	00:45:08.823		158.790			4
2026.04.01	00:45:09.124		158.791			4
2026.04.01	00:45:09.724	158.747	158.795			6
2026.04.01	00:45:10.024	158.749				2
2026.04.01	00:45:10.328	158.748				2
2026.04.01	00:45:10.628	158.749				2
2026.04.01	00:45:10.928	158.747	158.793			6
2026.04.01	00:45:11.229	158.749	158.795			6
2026.04.01	00:45:11.530	158.747				2
2026.04.01	00:45:12.131	158.744	158.793			6
2026.04.01	00:45:12.431	158.745	158.795			6
2026.04.01	00:45:12.731	158.743				2
2026.04.01	00:45:13.032	158.745				2
2026.04.01	00:45:13.850		158.763			4
2026.04.01	00:45:14.151		158.795			4
2026.04.01	00:45:14.451	158.749	158.763			6
2026.04.01	00:45:14.752	158.748				2
2026.04.01	00:45:15.052		158.795			4
2026.04.01	00:45:15.352	158.746	158.763			6
2026.04.01	00:45:15.653	158.745	158.794			6
2026.04.01	00:45:15.954		158.763			4
2026.04.01	00:45:16.260		158.794			4
2026.04.01	00:45:16.562		158.763			4
2026.04.01	00:45:16.861		158.794			4
2026.04.01	00:45:17.161		158.763			4
2026.04.01	00:45:17.462	158.747	158.795			6
2026.04.01	00:45:18.063	158.748				2
2026.04.01	00:45:18.362	158.743	158.790			6
2026.04.01	00:45:18.663	158.746	158.795			6
2026.04.01	00:45:19.264	158.765	158.819			6
2026.04.01	00:45:19.903	158.755	158.795			6
2026.04.01	00:45:20.206	158.763	158.819			6
2026.04.01	00:45:20.543		158.818			4
2026.04.01	00:45:20.844	158.753	158.798			6
2026.04.01	00:45:21.146	158.748	158.794			6
2026.04.01	00:45:21.446	158.763	158.814			6
2026.04.01	00:45:21.746	158.759	158.804			6
2026.04.01	00:45:22.648	158.760				2
2026.04.01	00:45:22.948	158.751	158.792			6
2026.04.01	00:45:23.249	158.764	158.819			6
2026.04.01	00:45:23.552	158.756	158.799			6
2026.04.01	00:45:23.852		158.819			4
2026.04.01	00:45:24.152	158.762	158.815			6
2026.04.01	00:45:24.453	158.759	158.802			6
2026.04.01	00:45:24.754	158.753	158.800			6
2026.04.01	00:45:25.053	158.751	158.795			6
2026.04.01	00:45:25.353	158.763	158.819			6
2026.04.01	00:45:25.657	158.753	158.801			6
2026.04.01	00:45:25.957	158.760	158.813			6
2026.04.01	00:45:26.259		158.814			4
2026.04.01	00:45:26.560	158.751	158.798			6
2026.04.01	00:45:26.862		158.793			4
2026.04.01	00:45:27.462	158.750				2
2026.04.01	00:45:27.762	158.741	158.790			6
2026.04.01	00:45:28.062	158.759	158.819			6
2026.04.01	00:45:28.362	158.757	158.805			6
2026.04.01	00:45:28.963	158.749	158.795			6
2026.04.01	00:45:29.563	158.750	158.804			6
2026.04.01	00:45:29.863	158.758	158.801			6
2026.04.01	00:45:30.163	158.753	158.804			6
2026.04.01	00:45:30.764	158.746	158.797			6
2026.04.01	00:45:31.064	158.744	158.794			6
2026.04.01	00:45:31.365	158.753	158.804			6
2026.04.01	00:45:31.665	158.748				2
2026.04.01	00:45:31.965	158.751				2
2026.04.01	00:45:32.936	158.744				2
2026.04.01	00:45:33.237	158.737	158.794			6
2026.04.01	00:45:33.537		158.793			4
2026.04.01	00:45:34.438	158.750	158.808			6
2026.04.01	00:45:34.738	158.746				2
2026.04.01	00:45:35.039	158.743	158.791			6
2026.04.01	00:45:35.340	158.752	158.808			6
2026.04.01	00:45:35.639	158.744	158.798			6
2026.04.01	00:45:35.938	158.749	158.808			6
2026.04.01	00:45:36.239	158.746	158.797			6
2026.04.01	00:45:36.540	158.742	158.794			6
2026.04.01	00:45:37.742	158.739	158.789			6
2026.04.01	00:45:38.342	158.748	158.808			6
2026.04.01	00:45:38.644	158.751				2
2026.04.01	00:45:38.944		158.806			4
2026.04.01	00:45:39.245	158.743	158.799			6
2026.04.01	00:45:39.545	158.749	158.808			6
2026.04.01	00:45:39.846	158.744	158.801			6
2026.04.01	00:45:40.146	158.741	158.805			6
2026.04.01	00:45:40.447	158.748	158.803			6
2026.04.01	00:45:40.746	158.749	158.801			6
2026.04.01	00:45:41.047	158.747	158.803			6
2026.04.01	00:45:41.347	158.751	158.808			6
2026.04.01	00:45:41.647	158.735	158.800			6
2026.04.01	00:45:41.948	158.744	158.795			6
2026.04.01	00:45:42.248	158.749	158.808			6
2026.04.01	00:45:42.549		158.804			4
2026.04.01	00:45:42.849	158.751	158.808			6
2026.04.01	00:45:43.149		158.803			4
2026.04.01	00:45:43.752	158.747				2
2026.04.01	00:45:44.054	158.743	158.808			6
2026.04.01	00:45:44.354	158.738	158.795			6
2026.04.01	00:45:45.255	158.741				2
2026.04.01	00:45:45.857	158.743				2
2026.04.01	00:45:46.157	158.744				2
2026.04.01	00:45:46.761	158.732				2
2026.04.01	00:45:47.061	158.739	158.789			6
2026.04.01	00:45:47.362	158.742	158.795			6
2026.04.01	00:45:48.900	158.739				2
2026.04.01	00:45:49.201	158.744				2
2026.04.01	00:45:49.508	158.740				2
2026.04.01	00:45:49.810	158.737	158.783			6
2026.04.01	00:45:50.110	158.738	158.786			6
2026.04.01	00:45:50.411	158.742	158.795			6
2026.04.01	00:45:50.712	158.740				2
2026.04.01	00:45:51.012	158.741				2
2026.04.01	00:45:51.614	158.732	158.787			6
2026.04.01	00:45:51.915	158.734	158.794			6
2026.04.01	00:45:52.216	158.745	158.795			6
2026.04.01	00:45:52.516	158.741				2
2026.04.01	00:45:52.818	158.747				2
2026.04.01	00:45:53.720	158.746				2
2026.04.01	00:45:54.020	158.739				2
2026.04.01	00:45:54.321	158.737				2
2026.04.01	00:45:54.621	158.733				2
2026.04.01	00:45:54.922		158.790			4
2026.04.01	00:45:55.222	158.736	158.784			6
2026.04.01	00:45:55.522	158.734	158.785			6
2026.04.01	00:45:55.822	158.733				2
2026.04.01	00:45:56.722	158.743	158.787			6
2026.04.01	00:45:57.022	158.747	158.788			6
2026.04.01	00:45:57.324	158.746	158.795			6
2026.04.01	00:45:57.625	158.751				2
2026.04.01	00:46:00.005	158.751				2
2026.04.01	00:46:00.306	158.748	158.794			6
2026.04.01	00:46:00.907	158.749	158.795			6
2026.04.01	00:46:01.207	158.746	158.794			6
2026.04.01	00:46:01.813	158.748	158.795			6
2026.04.01	00:46:02.113	158.747	158.794			6
2026.04.01	00:46:02.414	158.751	158.795			6
2026.04.01	00:46:02.714	158.750				2
2026.04.01	00:46:03.632	158.746	158.794			6
2026.04.01	00:46:03.935	158.748	158.795			6
2026.04.01	00:46:05.442	158.745				2
2026.04.01	00:46:05.742	158.754				2
2026.04.01	00:46:06.513	158.747				2
2026.04.01	00:46:07.951	158.743	158.794			6
2026.04.01	00:46:08.251	158.749	158.795			6
2026.04.01	00:46:09.174	158.748				2
2026.04.01	00:46:09.474	158.746				2
2026.04.01	00:46:09.775	158.747				2
2026.04.01	00:46:10.075	158.735				2
2026.04.01	00:46:10.378	158.749				2
2026.04.01	00:46:11.170	158.742				2
2026.04.01	00:46:11.473	158.743				2
2026.04.01	00:46:11.774	158.746	158.794			6
2026.04.01	00:46:12.079	158.750	158.795			6
2026.04.01	00:46:13.807	158.737				2
2026.04.01	00:46:14.107	158.747	158.793			6
2026.04.01	00:46:14.409	158.750	158.795			6
2026.04.01	00:46:15.154	158.751				2
2026.04.01	00:46:15.455	158.737	158.792			6
2026.04.01	00:46:15.760	158.745	158.794			6
2026.04.01	00:46:16.061	158.746	158.795			6
2026.04.01	00:46:16.962	158.748				2
2026.04.01	00:46:18.017	158.750				2
2026.04.01	00:46:20.432	158.736				2
2026.04.01	00:46:20.732	158.748				2
2026.04.01	00:46:21.035	158.745				2
2026.04.01	00:46:21.336	158.756				2
2026.04.01	00:46:21.637	158.749				2
2026.04.01	00:46:21.937	158.748				2
2026.04.01	00:46:23.502	158.741				2
2026.04.01	00:46:23.802	158.735				2
2026.04.01	00:46:24.402	158.741				2
2026.04.01	00:46:24.702	158.738	158.793			6
2026.04.01	00:46:25.004	158.750	158.795			6
2026.04.01	00:46:25.953	158.749				2
2026.04.01	00:46:26.554	158.746				2
2026.04.01	00:46:26.854	158.747				2
2026.04.01	00:46:27.154	158.746				2
2026.04.01	00:46:27.455	158.744	158.793			6
2026.04.01	00:46:28.063		158.794			4
2026.04.01	00:46:28.361	158.749	158.795			6
2026.04.01	00:46:29.431	158.750				2
2026.04.01	00:46:30.031	158.742				2
2026.04.01	00:46:30.332	158.738				2
2026.04.01	00:46:30.633	158.751				2
2026.04.01	00:46:40.173	158.739				2
2026.04.01	00:46:42.024	158.738				2
2026.04.01	00:46:43.025	158.737				2
2026.04.01	00:46:43.630	158.738				2
2026.04.01	00:46:43.929		158.793			4
2026.04.01	00:46:44.230	158.748	158.795			6
2026.04.01	00:46:44.536	158.752				2
2026.04.01	00:46:44.836	158.750				2
2026.04.01	00:46:45.439	158.739				2
2026.04.01	00:46:45.739	158.737				2
2026.04.01	00:46:46.040	158.738				2
2026.04.01	00:46:46.341	158.745				2
2026.04.01	00:46:46.641	158.740				2
2026.04.01	00:46:46.941	158.747				2
2026.04.01	00:46:47.241	158.749				2
2026.04.01	00:46:47.541	158.748				2
2026.04.01	00:46:47.842	158.747				2
2026.04.01	00:46:48.142	158.739	158.793			6
2026.04.01	00:46:48.441		158.795			4
2026.04.01	00:46:48.742	158.750				2
2026.04.01	00:46:49.042	158.754				2
2026.04.01	00:46:50.023	158.741				2
2026.04.01	00:46:50.323	158.740				2
2026.04.01	00:46:51.025	158.738				2
2026.04.01	00:46:51.933	158.739				2
2026.04.01	00:46:52.233	158.745				2
2026.04.01	00:46:52.533	158.749				2
2026.04.01	00:46:52.833	158.750				2
2026.04.01	00:46:53.134	158.749				2
2026.04.01	00:46:53.436	158.750				2
2026.04.01	00:46:53.737	158.742				2
2026.04.01	00:46:54.938	158.745				2
2026.04.01	00:46:55.239	158.742				2
2026.04.01	00:46:56.762	158.748				2
2026.04.01	00:46:57.062	158.743				2
2026.04.01	00:46:57.362	158.741				2
2026.04.01	00:46:57.663	158.749				2
2026.04.01	00:46:58.563	158.751				2
2026.04.01	00:46:58.864	158.750				2
2026.04.01	00:46:59.581	158.742				2
2026.04.01	00:46:59.881	158.741				2
2026.04.01	00:47:00.180	158.738				2
2026.04.01	00:47:00.482	158.750				2
2026.04.01	00:47:02.024	158.740				2
2026.04.01	00:47:02.324	158.737	158.803			6
2026.04.01	00:47:02.625	158.736	158.802			6
2026.04.01	00:47:02.926	158.733	158.799			6
2026.04.01	00:47:03.227	158.736	158.804			6
2026.04.01	00:47:03.528	158.730	158.796			6
2026.04.01	00:47:04.136	158.731	158.797			6
2026.04.01	00:47:04.437	158.738	158.804			6
2026.04.01	00:47:04.738	158.741	158.794			6
2026.04.01	00:47:05.039	158.742	158.795			6
2026.04.01	00:47:05.339	158.741				2
2026.04.01	00:47:05.640	158.747				2
2026.04.01	00:47:05.940	158.748				2
2026.04.01	00:47:06.240	158.751				2
2026.04.01	00:47:06.541	158.745				2
2026.04.01	00:47:06.841	158.753				2
2026.04.01	00:47:07.608	158.754				2
2026.04.01	00:47:07.910	158.748				2
2026.04.01	00:47:08.513	158.739				2
2026.04.01	00:47:08.814		158.794			4
2026.04.01	00:47:09.413	158.742	158.795			6
2026.04.01	00:47:09.713	158.745				2
2026.04.01	00:47:10.014	158.740				2
2026.04.01	00:47:10.616	158.749				2
2026.04.01	00:47:10.916	158.750				2
2026.04.01	00:47:11.518	158.748				2
2026.04.01	00:47:12.121	158.747				2
2026.04.01	00:47:13.814	158.738				2
2026.04.01	00:47:14.115	158.741				2
2026.04.01	00:47:14.414	158.742				2
2026.04.01	00:47:14.721	158.740				2
2026.04.01	00:47:15.022	158.748				2
2026.04.01	00:47:15.322	158.749				2
2026.04.01	00:47:15.622	158.747				2
2026.04.01	00:47:15.922	158.748				2
2026.04.01	00:47:16.523	158.750				2
2026.04.01	00:47:16.823	158.751				2
2026.04.01	00:47:18.025	158.737	158.794			6
2026.04.01	00:47:18.324	158.742	158.795			6
2026.04.01	00:47:18.626	158.741				2
2026.04.01	00:47:18.927	158.746				2
2026.04.01	00:47:19.228	158.749				2
2026.04.01	00:47:19.535	158.748				2
2026.04.01	00:47:20.736	158.747				2
2026.04.01	00:47:21.036	158.739				2
2026.04.01	00:47:21.338	158.746				2
2026.04.01	00:47:21.938	158.748				2
2026.04.01	00:47:22.238	158.745				2
2026.04.01	00:47:26.287	158.748				2
2026.04.01	00:47:26.589	158.747				2
2026.04.01	00:47:30.024	158.741				2
2026.04.01	00:47:30.325	158.737				2
2026.04.01	00:47:30.625	158.749				2
2026.04.01	00:47:32.024	158.742				2
2026.04.01	00:47:34.107	158.735				2
2026.04.01	00:47:34.708	158.748				2
2026.04.01	00:47:35.956	158.741				2
2026.04.01	00:47:36.260	158.749				2
2026.04.01	00:47:38.196	158.743				2
2026.04.01	00:47:40.189	158.741	158.805			6
2026.04.01	00:47:40.490	158.742	158.800			6
2026.04.01	00:47:41.092		158.795			4
2026.04.01	00:47:41.733	158.749				2
2026.04.01	00:47:43.021	158.740				2
2026.04.01	00:47:43.921	158.737				2
2026.04.01	00:47:45.024	158.735				2
2026.04.01	00:47:48.166	158.736				2
2026.04.01	00:47:49.238	158.737				2
2026.04.01	00:47:49.539	158.736				2
2026.04.01	00:47:49.839	158.741				2
2026.04.01	00:47:50.139	158.747				2
2026.04.01	00:47:50.440	158.749				2
2026.04.01	00:47:50.741	158.745				2
2026.04.01	00:47:51.942	158.744				2
2026.04.01	00:47:52.241	158.737				2
2026.04.01	00:47:52.542	158.745				2
2026.04.01	00:47:52.841	158.747				2
2026.04.01	00:47:53.142	158.752				2
2026.04.01	00:47:53.443	158.746				2
2026.04.01	00:47:53.744	158.747				2
2026.04.01	00:47:54.044	158.748				2
2026.04.01	00:47:54.344	158.747				2
2026.04.01	00:47:54.645	158.748				2
2026.04.01	00:47:55.246	158.746				2
2026.04.01	00:47:55.547	158.742				2
2026.04.01	00:47:55.846	158.746				2
2026.04.01	00:47:56.147	158.748				2
2026.04.01	00:47:57.436	158.747				2
2026.04.01	00:47:57.736	158.744				2
2026.04.01	00:47:58.036	158.751				2
2026.04.01	00:47:58.642	158.750				2
2026.04.01	00:47:58.942	158.748				2
2026.04.01	00:47:59.243	158.747				2
2026.04.01	00:47:59.844		158.801			4
2026.04.01	00:48:00.141	158.742	158.798			6
2026.04.01	00:48:00.442	158.747	158.795			6
2026.04.01	00:48:00.741	158.748				2
2026.04.01	00:48:01.042	158.745				2
2026.04.01	00:48:01.344	158.749				2
2026.04.01	00:48:01.643	158.738				2
2026.04.01	00:48:02.244	158.746				2
2026.04.01	00:48:02.546	158.748				2
2026.04.01	00:48:02.843	158.747				2
2026.04.01	00:48:03.444	158.741				2
2026.04.01	00:48:03.745	158.747				2
2026.04.01	00:48:04.049	158.746				2
2026.04.01	00:48:04.345	158.745				2
2026.04.01	00:48:04.650	158.747				2
2026.04.01	00:48:04.950	158.745				2
2026.04.01	00:48:05.578	158.747				2
2026.04.01	00:48:05.880	158.750				2
2026.04.01	00:48:06.181	158.751				2
2026.04.01	00:48:06.482	158.750				2
2026.04.01	00:48:06.784	158.748				2
2026.04.01	00:48:07.084	158.747				2
2026.04.01	00:48:07.386	158.740				2
2026.04.01	00:48:08.169	158.737				2
2026.04.01	00:48:08.470	158.736				2
2026.04.01	00:48:08.770	158.738				2
2026.04.01	00:48:09.071	158.745				2
2026.04.01	00:48:09.674	158.746				2
2026.04.01	00:48:09.981	158.750				2
2026.04.01	00:48:11.036	158.745				2
2026.04.01	00:48:11.337	158.743				2
2026.04.01	00:48:12.351	158.742				2
2026.04.01	00:48:13.024	158.741				2
2026.04.01	00:48:14.435	158.740				2
2026.04.01	00:48:15.036	158.739				2
2026.04.01	00:48:16.023	158.749				2
2026.04.01	00:48:16.324	158.746				2
2026.04.01	00:48:17.934	158.745				2
2026.04.01	00:48:20.023	158.738				2
2026.04.01	00:48:20.322	158.743				2
2026.04.01	00:48:20.623	158.748				2
2026.04.01	00:48:20.924	158.747				2
2026.04.01	00:48:22.023	158.746				2
2026.04.01	00:48:22.625	158.747				2
2026.04.01	00:48:22.925	158.746				2
2026.04.01	00:48:25.445	158.737				2
2026.04.01	00:48:30.324	158.736				2
2026.04.01	00:48:31.970	158.739				2
2026.04.01	00:48:33.335	158.740				2
2026.04.01	00:48:33.636	158.749				2
2026.04.01	00:48:34.236		158.798			4
2026.04.01	00:48:38.845	158.742				2
2026.04.01	00:48:42.023	158.743				2
2026.04.01	00:48:42.924	158.742				2
2026.04.01	00:48:43.936	158.744				2
2026.04.01	00:48:53.133	158.739				2
2026.04.01	00:49:00.239	158.739				2
2026.04.01	00:49:00.840		158.797			4
2026.04.01	00:49:02.341		158.798			4
2026.04.01	00:49:10.283	158.751				2
2026.04.01	00:49:12.663		158.797			4
2026.04.01	00:49:12.967	158.742				2
2026.04.01	00:49:13.267	158.740				2
2026.04.01	00:49:16.023	158.739				2
2026.04.01	00:49:24.036	158.740				2
2026.04.01	00:49:27.904	158.739	158.796			6
2026.04.01	00:49:28.205	158.740				2
2026.04.01	00:49:28.505	158.739	158.795			6
2026.04.01	00:49:29.111		158.796			4
2026.04.01	00:49:30.312		158.795			4
2026.04.01	00:49:30.612		158.796			4
2026.04.01	00:49:37.220		158.794			4
2026.04.01	00:49:45.343		158.793			4
2026.04.01	00:49:46.846		158.792			4
2026.04.01	00:49:48.651		158.794			4
2026.04.01	00:49:48.952		158.795			4
2026.04.01	00:49:49.554		158.796			4
2026.04.01	00:49:50.154	158.750	158.802			6
2026.04.01	00:49:50.456	158.749				2
2026.04.01	00:50:00.170	158.744	158.798			6
2026.04.01	00:50:00.773		158.797			4
2026.04.01	00:50:01.083		158.798			4
2026.04.01	00:50:01.984		158.796			4
2026.04.01	00:50:02.585	158.742				2
2026.04.01	00:50:03.189	158.740	158.794			6
2026.04.01	00:50:08.309	158.741	158.797			6
2026.04.01	00:50:10.113		158.795			4
2026.04.01	00:50:14.936		158.794			4
2026.04.01	00:50:15.236		158.797			4
2026.04.01	00:50:16.137		158.796			4
2026.04.01	00:50:20.341		158.795			4
2026.04.01	00:50:29.663		158.794			4
2026.04.01	00:50:35.379		158.795			4
2026.04.01	00:50:39.887	158.747				2
2026.04.01	00:50:40.188	158.748				2
2026.04.01	00:50:46.812		158.794			4
2026.04.01	00:50:50.123	158.741	158.795			6
2026.04.01	00:50:58.841		158.794			4
2026.04.01	00:51:00.043	158.741				2
2026.04.01	00:51:00.343		158.793			4
2026.04.01	00:51:00.644		158.794			4
2026.04.01	00:51:03.951		158.793			4
2026.04.01	00:51:09.067	158.748				2
2026.04.01	00:51:09.364		158.794			4
2026.04.01	00:51:09.964	158.741	158.793			6
2026.04.01	00:51:19.006		158.792			4
2026.04.01	00:51:20.208	158.752	158.802			6
2026.04.01	00:51:20.509	158.753				2
2026.04.01	00:51:23.022	158.747				2
2026.04.01	00:51:24.747		158.801			4
2026.04.01	00:51:33.163	158.745				2
2026.04.01	00:51:33.762		158.799			4
2026.04.01	00:51:38.580		158.800			4
2026.04.01	00:51:40.082	158.751	158.801			6
2026.04.01	00:51:42.186		158.800			4
2026.04.01	00:51:47.610		158.799			4
2026.04.01	00:51:50.018	158.745	158.798			6
2026.04.01	00:52:00.247	158.745				2
2026.04.01	00:52:12.892	158.752	158.801			6
2026.04.01	00:52:14.996		158.800			4
2026.04.01	00:52:20.111	158.746	158.798			6
2026.04.01	00:52:27.324	158.745	158.796			6
2026.04.01	00:52:27.624	158.746	158.800			6
2026.04.01	00:52:27.927		158.795			4
2026.04.01	00:52:31.835	158.744	158.794			6
2026.04.01	00:52:35.441	158.746	158.800			6
2026.04.01	00:52:36.043		158.795			4
2026.04.01	00:52:36.343	158.747	158.804			6
2026.04.01	00:52:36.643		158.802			4
2026.04.01	00:52:36.944		158.796			4
2026.04.01	00:52:37.244		158.795			4
2026.04.01	00:52:40.248	158.744	158.793			6
2026.04.01	00:52:42.952	158.743	158.794			6
2026.04.01	00:52:43.554		158.795			4
2026.04.01	00:52:48.370	158.744	158.797			6
2026.04.01	00:52:48.670	158.752	158.801			6
2026.04.01	00:52:49.876		158.800			4
2026.04.01	00:52:50.178	158.751	158.801			6
2026.04.01	00:52:51.982		158.799			4
2026.04.01	00:53:00.112	158.745	158.796			6
2026.04.01	00:53:00.412	158.746	158.798			6
2026.04.01	00:53:00.713	158.747	158.801			6
2026.04.01	00:53:04.020		158.800			4
2026.04.01	00:53:04.620		158.801			4
2026.04.01	00:53:05.521		158.800			4
2026.04.01	00:53:06.122		158.798			4
2026.04.01	00:53:10.032	158.746				2
2026.04.01	00:53:16.044	158.745	158.796			6
2026.04.01	00:53:16.345	158.747	158.800			6
2026.04.01	00:53:16.946		158.796			4
2026.04.01	00:53:19.649		158.797			4
2026.04.01	00:53:20.250	158.745	158.799			6
2026.04.01	00:53:23.862		158.798			4
2026.04.01	00:53:26.572	158.744	158.799			6
2026.04.01	00:53:26.872		158.798			4
2026.04.01	00:53:27.172		158.797			4
2026.04.01	00:53:29.886	158.745				2
2026.04.01	00:53:30.188	158.744	158.798			6
2026.04.01	00:53:32.598		158.797			4
2026.04.01	00:53:33.799	158.745				2
2026.04.01	00:53:35.304	158.744	158.798			6
2026.04.01	00:53:36.809		158.799			4
2026.04.01	00:53:40.122		158.798			4
2026.04.01	00:53:40.723		158.796			4
2026.04.01	00:53:47.639		158.797			4
2026.04.01	00:53:48.241		158.796			4
2026.04.01	00:53:48.841		158.794			4
2026.04.01	00:53:49.142		158.796			4
2026.04.01	00:53:49.446		158.795			4
2026.04.01	00:53:49.748	158.743				2
2026.04.01	00:53:50.048		158.796			4
2026.04.01	00:53:50.350		158.795			4
2026.04.01	00:53:50.950		158.796			4
2026.04.01	00:53:59.079		158.795			4
2026.04.01	00:53:59.383		158.794			4
2026.04.01	00:53:59.982	158.749	158.798			6
2026.04.01	00:54:00.283	158.749				2
2026.04.01	00:54:00.584		158.797			4
2026.04.01	00:54:02.691		158.796			4
2026.04.01	00:54:02.994		158.797			4
2026.04.01	00:54:03.894		158.796			4
2026.04.01	00:54:08.113	158.744	158.793			6
2026.04.01	00:54:08.414	158.751	158.798			6
2026.04.01	00:54:08.713	158.750	158.796			6
2026.04.01	00:54:09.014	158.753	158.801			6
2026.04.01	00:54:09.318	158.752				2
2026.04.01	00:54:10.034	158.748	158.798			6
2026.04.01	00:54:10.336	158.746				2
2026.04.01	00:54:13.042		158.796			4
2026.04.01	00:54:18.150	158.745				2
2026.04.01	00:54:18.451		158.795			4
2026.04.01	00:54:18.751		158.796			4
2026.04.01	00:54:19.052		158.795			4
2026.04.01	00:54:20.555		158.796			4
2026.04.01	00:54:22.661	158.744				2
2026.04.01	00:54:23.862		158.795			4
2026.04.01	00:54:28.075	158.743				2
2026.04.01	00:54:28.675	158.749	158.796			6
2026.04.01	00:54:29.879	158.743	158.795			6
2026.04.01	00:54:32.886	158.744	158.796			6
2026.04.01	00:54:34.390	158.745	158.801			6
2026.04.01	00:54:34.691		158.800			4
2026.04.01	00:54:39.805		158.797			4
2026.04.01	00:54:40.105		158.799			4
2026.04.01	00:54:49.732	158.744	158.797			6
2026.04.01	00:54:50.336	158.743	158.796			6
2026.04.01	00:54:53.038	158.742	158.797			6
2026.04.01	00:54:53.338	158.743	158.796			6
2026.04.01	00:54:54.239		158.795			4
2026.04.01	00:54:54.540	158.741	158.796			6
2026.04.01	00:54:54.841		158.797			4
2026.04.01	00:54:55.142	158.740				2
2026.04.01	00:54:55.445	158.717	158.786			6
2026.04.01	00:54:55.745	158.715				2
2026.04.01	00:54:56.948	158.714	158.778			6
2026.04.01	00:54:57.249	158.713				2
2026.04.01	00:54:57.549	158.715	158.777			6
2026.04.01	00:54:58.390		158.784			4
2026.04.01	00:55:01.235	158.714				2
2026.04.01	00:55:02.736	158.716	158.783			6
2026.04.01	00:55:03.039	158.707	158.775			6
2026.04.01	00:55:04.364	158.708	158.773			6
2026.04.01	00:55:04.667	158.663	158.800			6
2026.04.01	00:55:04.968		158.802			4
2026.04.01	00:55:05.569		158.807			4
2026.04.01	00:55:05.867		158.799			4
2026.04.01	00:55:06.173	158.653	158.798			6
2026.04.01	00:55:06.775	158.663				2
2026.04.01	00:55:08.578		158.804			4
2026.04.01	00:55:09.181		158.800			4
2026.04.01	00:55:09.779		158.802			4
2026.04.01	00:55:10.084		158.806			4
2026.04.01	00:55:15.198	158.677	158.846			6
2026.04.01	00:55:15.488	158.681	158.850			6
2026.04.01	00:55:15.780	158.675	158.844			6
2026.04.01	00:55:16.382	158.676	158.845			6
2026.04.01	00:55:16.983	158.673	158.842			6
2026.04.01	00:55:17.583	158.682	158.851			6
2026.04.01	00:55:17.884	158.681	158.850			6
2026.04.01	00:55:18.188	158.682	158.851			6
2026.04.01	00:55:19.998	158.680	158.849			6
2026.04.01	00:55:20.898	158.678	158.847			6
2026.04.01	00:55:21.197	158.680	158.849			6
2026.04.01	00:55:21.797	158.678	158.847			6
2026.04.01	00:55:22.100	158.684	158.853			6
2026.04.01	00:55:23.310	158.678	158.847			6
2026.04.01	00:55:23.601	158.686	158.855			6
2026.04.01	00:55:23.907	158.688	158.857			6
2026.04.01	00:55:24.203	158.682	158.851			6
2026.04.01	00:55:25.112	158.684	158.853			6
2026.04.01	00:55:25.411	158.680	158.849			6
2026.04.01	00:55:26.012	158.678	158.847			6
2026.04.01	00:55:27.218	158.687	158.856			6
2026.04.01	00:55:28.719	158.691	158.860			6
2026.04.01	00:55:29.622	158.690	158.859			6
2026.04.01	00:55:30.824	158.692	158.861			6
2026.04.01	00:55:31.127	158.689	158.858			6
2026.04.01	00:55:31.426	158.694	158.863			6
2026.04.01	00:55:31.730	158.690	158.859			6
2026.04.01	00:55:32.032	158.686	158.855			6
2026.04.01	00:55:34.137	158.689	158.858			6
2026.04.01	00:55:34.742	158.684	158.853			6
2026.04.01	00:55:35.642	158.689	158.858			6
2026.04.01	00:55:35.942	158.684	158.853			6
2026.04.01	00:55:36.840	158.689	158.858			6
2026.04.01	00:55:37.742	158.684	158.853			6
2026.04.01	00:55:38.042	158.689	158.858			6
2026.04.01	00:55:39.548	158.683	158.852			6
2026.04.01	00:55:41.349	158.686	158.855			6
2026.04.01	00:55:41.952	158.688	158.857			6
2026.04.01	00:55:42.252	158.686	158.855			6
2026.04.01	00:55:44.355	158.684	158.853			6
2026.04.01	00:55:44.955	158.688	158.857			6
2026.04.01	00:55:45.556	158.683	158.852			6
2026.04.01	00:55:46.157	158.684	158.853			6
2026.04.01	00:55:46.460	158.682	158.851			6
2026.04.01	00:55:46.757	158.683	158.852			6
2026.04.01	00:55:47.361	158.684	158.853			6
2026.04.01	00:55:47.661	158.682	158.851			6
2026.04.01	00:55:49.163	158.674	158.843			6
2026.04.01	00:55:49.470	158.679	158.848			6
2026.04.01	00:55:50.066	158.676	158.845			6
2026.04.01	00:55:50.666	158.674	158.843			6
2026.04.01	00:55:52.173	158.680	158.849			6
2026.04.01	00:55:52.475	158.679	158.848			6
2026.04.01	00:55:53.979	158.680	158.849			6
2026.04.01	00:55:54.880	158.683	158.852			6
2026.04.01	00:55:56.384	158.684	158.853			6
2026.04.01	00:55:57.888	158.680	158.849			6
2026.04.01	00:55:58.190	158.679	158.848			6
2026.04.01	00:55:59.092	158.681	158.850			6
2026.04.01	00:55:59.992	158.680	158.849			6
2026.04.01	00:56:00.292	158.680				2
2026.04.01	00:56:01.195	158.679	158.847			6
2026.04.01	00:56:01.494	158.682	158.851			6
2026.04.01	00:56:01.801	158.681	158.850			6
2026.04.01	00:56:02.095	158.684	158.853			6
2026.04.01	00:56:03.296	158.676	158.845			6
2026.04.01	00:56:03.903	158.680	158.849			6
2026.04.01	00:56:04.209	158.682	158.851			6
2026.04.01	00:56:04.508	158.677	158.846			6
2026.04.01	00:56:05.108	158.678	158.847			6
2026.04.01	00:56:05.413	158.682	158.851			6
2026.04.01	00:56:05.717	158.648	158.751			6
2026.04.01	00:56:06.012	158.700				2
2026.04.01	00:56:06.316	158.704	158.747			6
2026.04.01	00:56:06.612		158.748			4
2026.04.01	00:56:07.214	158.706				2
2026.04.01	00:56:07.814	158.699	158.749			6
2026.04.01	00:56:08.416		158.755			4
2026.04.01	00:56:08.717	158.708				2
2026.04.01	00:56:15.333	158.707				2
2026.04.01	00:56:19.537	158.666				2
2026.04.01	00:56:24.639		158.753			4
2026.04.01	00:56:51.396	158.686	158.754			6
2026.04.01	00:56:53.500	158.670	158.804			6
2026.04.01	00:56:53.801	158.786	158.856			6
2026.04.01	00:56:54.102		158.858			4
2026.04.01	00:56:54.401	158.772				2
2026.04.01	00:56:54.703	158.777				2
2026.04.01	00:56:55.003	158.749	158.849			6
2026.04.01	00:56:55.304	158.747	158.855			6
2026.04.01	00:56:55.603		158.852			4
2026.04.01	00:56:55.903		158.858			4
2026.04.01	00:56:56.506	158.746	158.855			6
2026.04.01	00:56:56.808	158.750				2
2026.04.01	00:56:57.108	158.748	158.851			6
2026.04.01	00:56:57.412		158.853			4
2026.04.01	00:56:57.712		158.849			4
2026.04.01	00:56:58.317		158.850			4
2026.04.01	00:56:58.918	158.758	158.857			6
2026.04.01	00:56:59.820	158.757				2
2026.04.01	00:57:00.122	158.757				2
2026.04.01	00:57:01.924	158.747	158.855			6
2026.04.01	00:57:02.223	158.732	158.851			6
2026.04.01	00:57:02.526		158.848			4
2026.04.01	00:57:02.825	158.729	158.843			6
2026.04.01	00:57:03.126	158.730	158.848			6
2026.04.01	00:57:03.426		158.841			4
2026.04.01	00:57:03.726	158.732	158.845			6
2026.04.01	00:57:04.027		158.837			4
2026.04.01	00:57:04.328	158.726	158.847			6
2026.04.01	00:57:04.628		158.845			4
2026.04.01	00:57:05.233	158.730	158.847			6
2026.04.01	00:57:05.833	158.754	158.857			6
2026.04.01	00:57:07.037	158.745	158.853			6
2026.04.01	00:57:07.334	158.743				2
2026.04.01	00:57:07.634	158.741	158.855			6
2026.04.01	00:57:07.936	158.743	158.854			6
2026.04.01	00:57:09.438		158.855			4
2026.04.01	00:57:11.543		158.856			4
2026.04.01	00:57:11.848	158.742	158.855			6
2026.04.01	00:57:12.447	158.743	158.857			6
2026.04.01	00:57:13.653	158.741				2
2026.04.01	00:57:16.063	158.749	158.860			6
2026.04.01	00:57:18.174	158.743	158.849			6
2026.04.01	00:57:18.470		158.850			4
2026.04.01	00:57:18.771		158.851			4
2026.04.01	00:57:19.072		158.853			4
2026.04.01	00:57:19.673		158.851			4
2026.04.01	00:57:19.978		158.852			4
2026.04.01	00:57:20.579		158.859			4
2026.04.01	00:57:20.879	158.742	158.853			6
2026.04.01	00:57:21.481		158.854			4
2026.04.01	00:57:22.383		158.853			4
2026.04.01	00:57:22.692		158.855			4
2026.04.01	00:57:22.989		158.853			4
2026.04.01	00:57:23.591	158.741				2
2026.04.01	00:57:23.891	158.729	158.849			6
2026.04.01	00:57:25.397	158.725	158.865			6
2026.04.01	00:57:28.115		158.864			4
2026.04.01	00:57:30.823		158.863			4
2026.04.01	00:57:32.625	158.727	158.868			6
2026.04.01	00:57:32.929		158.867			4
2026.04.01	00:57:33.826	158.730	158.869			6
2026.04.01	00:57:34.129		158.868			4
2026.04.01	00:57:35.331	158.744	158.879			6
2026.04.01	00:57:37.443	158.735	158.871			6
2026.04.01	00:57:37.743	158.742	158.879			6
2026.04.01	00:57:39.543	158.734	158.876			6
2026.04.01	00:57:39.843	158.738	158.879			6
2026.04.01	00:57:40.147	158.740				2
2026.04.01	00:57:40.446	158.737				2
2026.04.01	00:57:41.649	158.738				2
2026.04.01	00:57:43.455	158.737				2
2026.04.01	00:57:45.558	158.731	158.875			6
2026.04.01	00:57:45.859	158.730				2
2026.04.01	00:57:47.664	158.735	158.877			6
2026.04.01	00:57:48.267	158.734	158.871			6
2026.04.01	00:57:48.570	158.737	158.877			6
2026.04.01	00:57:49.466	158.736				2
2026.04.01	00:57:53.681	158.738	158.878			6
2026.04.01	00:57:53.981	158.741	158.879			6
2026.04.01	00:57:55.185	158.739				2
2026.04.01	00:57:58.185	158.760	158.889			6
2026.04.01	00:58:00.292	158.760				2
2026.04.01	00:58:00.591	158.757				2
2026.04.01	00:58:07.515	158.744				2
2026.04.01	00:58:08.422	158.748				2
2026.04.01	00:58:08.721	158.749				2
2026.04.01	00:58:09.622	158.747				2
2026.04.01	00:58:12.031		158.890			4
2026.04.01	00:58:12.328	158.759	158.899			6
2026.04.01	00:58:14.138	158.757				2
2026.04.01	00:58:16.240	158.754				2
2026.04.01	00:58:18.343	158.751	158.897			6
2026.04.01	00:58:19.549	158.750				2
2026.04.01	00:58:21.956		158.896			4
2026.04.01	00:58:22.255	158.758	158.899			6
2026.04.01	00:58:22.555	158.759				2
2026.04.01	00:58:23.160	158.758				2
2026.04.01	00:58:24.358	158.757				2
2026.04.01	00:58:27.970	158.784				2
2026.04.01	00:58:28.570	158.785				2
2026.04.01	00:58:28.869	158.759				2
2026.04.01	00:58:33.981	158.758				2
2026.04.01	00:58:35.484	158.757				2
2026.04.01	00:58:38.797	158.752	158.897			6
2026.04.01	00:58:39.396	158.751	158.896			6
2026.04.01	00:58:41.799	158.748	158.895			6
2026.04.01	00:58:43.605	158.747	158.894			6
2026.04.01	00:58:44.814	158.749	158.895			6
2026.04.01	00:58:49.322	158.759	158.899			6
2026.04.01	00:58:49.627	158.758				2
2026.04.01	00:58:50.228	158.755				2
2026.04.01	00:58:52.943	158.754				2
2026.04.01	00:58:53.838	158.752	158.896			6
2026.04.01	00:58:54.445	158.756	158.898			6
2026.04.01	00:59:00.155	158.756				2
2026.04.01	00:59:03.465	158.755	158.897			6
2026.04.01	00:59:03.762	158.746	158.874			6
2026.04.01	00:59:09.480		158.822			4
2026.04.01	00:59:17.905	158.731	158.788			6
2026.04.01	00:59:18.206	158.706				2
2026.04.01	00:59:24.839		158.764			4
2026.04.01	00:59:31.149	158.705	158.767			6
2026.04.01	00:59:31.749	158.706				2
2026.04.01	00:59:32.050	158.666	158.766			6
2026.04.01	00:59:32.350	158.656				2
2026.04.01	00:59:32.953	158.667	158.764			6
2026.04.01	00:59:33.555		158.766			4
2026.04.01	00:59:35.065		158.767			4
2026.04.01	00:59:38.985	158.666	158.768			6
2026.04.01	00:59:44.394	158.676				2
2026.04.01	00:59:47.705	158.678				2
2026.04.01	00:59:49.212	158.712				2
2026.04.01	00:59:55.236		158.767			4
2026.04.01	00:59:57.338		158.765			4
2026.04.01	01:00:00.041	158.725				2
2026.04.01	01:00:00.341	158.722	158.767			6
2026.04.01	01:00:02.141		158.770			4
2026.04.01	01:00:02.440	158.671	158.775			6
2026.04.01	01:00:02.742	158.672				2
2026.04.01	01:00:03.045		158.774			4
2026.04.01	01:00:03.341	158.673	158.773			6
2026.04.01	01:00:03.642	158.671	158.774			6
2026.04.01	01:00:04.242	158.676	158.772			6
2026.04.01	01:00:04.842	158.678	158.771			6
2026.04.01	01:00:05.143	158.721	158.769			6
2026.04.01	01:00:05.743		158.768			4
2026.04.01	01:00:06.042		158.769			4
2026.04.01	01:00:06.644	158.716	158.765			6
2026.04.01	01:00:06.944	158.715				2
2026.04.01	01:00:09.651		158.768			4
2026.04.01	01:00:10.251	158.705	158.765			6
2026.04.01	01:00:18.056		158.757			4
2026.04.01	01:00:18.357		158.759			4
2026.04.01	01:00:20.457	158.689				2
2026.04.01	01:00:20.757	158.686	158.758			6
2026.04.01	01:00:21.061	158.685	158.760			6
2026.04.01	01:00:21.357		158.761			4
2026.04.01	01:00:21.959	158.688				2
2026.04.01	01:00:23.760	158.689				2
2026.04.01	01:00:24.360	158.687				2
2026.04.01	01:00:24.663	158.685				2
2026.04.01	01:00:24.962	158.686				2
2026.04.01	01:00:25.265	158.687	158.762			6
2026.04.01	01:00:25.562	158.686	158.761			6
2026.04.01	01:00:27.064	158.687				2
2026.04.01	01:00:29.465	158.686				2
2026.04.01	01:00:30.065	158.703				2
2026.04.01	01:00:31.266		158.765			4
2026.04.01	01:00:31.870	158.722	158.742			6
2026.04.01	01:00:32.168	158.727	158.749			6
2026.04.01	01:00:32.468	158.733	158.748			6
2026.04.01	01:00:32.771	158.734				2
2026.04.01	01:00:36.973	158.714	158.731			6
2026.04.01	01:00:37.275		158.730			4
2026.04.01	01:00:38.776	158.713	158.733			6
2026.04.01	01:00:39.678	158.714	158.724			6
2026.04.01	01:00:40.277	158.716	158.722			6
2026.04.01	01:00:40.879	158.713	158.719			6
2026.04.01	01:00:41.782	158.714	158.717			6
2026.04.01	01:00:42.083	158.717	158.719			6
2026.04.01	01:00:42.382	158.719	158.725			6
2026.04.01	01:00:42.682	158.723				2
2026.04.01	01:00:42.982		158.729			4
2026.04.01	01:00:43.282	158.724	158.730			6
2026.04.01	01:00:43.882	158.725	158.731			6
2026.04.01	01:00:45.383		158.730			4
2026.04.01	01:00:46.586	158.724	158.729			6
2026.04.01	01:00:48.684	158.723	158.727			6
2026.04.01	01:00:48.986		158.728			4
2026.04.01	01:00:53.195	158.724	158.729			6
2026.04.01	01:00:53.499	158.730	158.735			6
2026.04.01	01:00:54.094	158.732	158.738			6
2026.04.01	01:00:54.395	158.736	158.739			6
2026.04.01	01:00:54.694		158.737			4
2026.04.01	01:00:54.995	158.730	158.736			6
2026.04.01	01:00:55.896	158.724	158.730			6
2026.04.01	01:00:56.496	158.722	158.728			6
2026.04.01	01:00:59.197	158.714	158.720			6
2026.04.01	01:00:59.499	158.717	158.723			6
2026.04.01	01:00:59.798	158.718	158.724			6
2026.04.01	01:01:00.100	158.719	158.725			6
2026.04.01	01:01:00.403	158.718	158.724			6
2026.04.01	01:01:00.698	158.720	158.726			6
2026.04.01	01:01:01.298	158.721				2
2026.04.01	01:01:02.504	158.720	158.725			6
2026.04.01	01:01:02.803	158.721	158.726			6
2026.04.01	01:01:03.104	158.720	158.725			6
2026.04.01	01:01:03.404	158.721	158.726			6
2026.04.01	01:01:05.808	158.720	158.725			6
2026.04.01	01:01:08.511	158.719	158.724			6
2026.04.01	01:01:13.616	158.718	158.723			6
2026.04.01	01:01:13.920	158.719	158.724			6
2026.04.01	01:01:21.123	158.723				2
2026.04.01	01:01:21.422		158.727			4
2026.04.01	01:01:23.826		158.726			4
2026.04.01	01:01:25.629		158.725			4
2026.04.01	01:01:29.532		158.726			4
2026.04.01	01:01:29.833		158.725			4
2026.04.01	01:01:34.637	158.724				2
2026.04.01	01:01:37.342	158.723	158.724			6
2026.04.01	01:01:42.750		158.726			4
2026.04.01	01:01:46.954	158.726	158.727			6
2026.04.01	01:02:00.169	158.726				2
2026.04.01	01:02:00.771	158.724	158.726			6
2026.04.01	01:02:01.077	158.725				2
2026.04.01	01:02:01.374		158.727			4
2026.04.01	01:02:01.675	158.727	158.728			6
2026.04.01	01:02:03.175	158.726	158.727			6
2026.04.01	01:02:05.277	158.727	158.728			6
2026.04.01	01:02:14.887	158.726	158.727			6
2026.04.01	01:02:15.792	158.738	158.739			6
2026.04.01	01:02:16.092	158.742	158.743			6
2026.04.01	01:02:16.997	158.743	158.744			6
2026.04.01	01:02:17.298	158.742	158.743			6
2026.04.01	01:02:17.598		158.744			4
2026.04.01	01:02:25.117		158.745			4
2026.04.01	01:02:26.320	158.743				2
2026.04.01	01:02:26.920	158.750	158.751			6
2026.04.01	01:02:33.229	158.751	158.752			6
2026.04.01	01:02:38.338	158.750				2
2026.04.01	01:02:41.642	158.749				2
2026.04.01	01:02:46.154	158.750	158.753			6
2026.04.01	01:02:48.557	158.749	158.752			6
2026.04.01	01:02:51.264	158.750	158.753			6
2026.04.01	01:02:51.864	158.749	158.752			6
2026.04.01	01:02:56.375		158.751			4
2026.04.01	01:02:57.580	158.751	158.752			6
2026.04.01	01:03:00.294	158.751				2
2026.04.01	01:03:01.189	158.753	158.755			6
2026.04.01	01:03:02.693	158.752	158.754			6
2026.04.01	01:03:26.131	158.753				2
2026.04.01	01:03:54.354	158.754	158.755			6
2026.04.01	01:04:00.062	158.754				2
2026.04.01	01:04:37.307	158.752	158.753			6
2026.04.01	01:04:37.909	158.753	158.754			6
2026.04.01	01:04:50.527	158.755	158.756			6
2026.04.01	01:04:58.940	158.754	158.755			6
2026.04.01	01:04:59.240	158.755	158.756			6
2026.04.01	01:04:59.539	158.754	158.755			6
2026.04.01	01:05:00.142	158.754				2
2026.04.01	01:05:00.439	158.755	158.756			6
2026.04.01	01:05:06.444	158.754	158.755			6
2026.04.01	01:05:06.744	158.755	158.756			6
2026.04.01	01:05:26.566	158.773	158.774			6
2026.04.01	01:05:26.866	158.775	158.776			6
2026.04.01	01:05:28.069	158.777	158.778			6
2026.04.01	01:05:28.968	158.778	158.779			6
2026.04.01	01:05:41.905	158.771	158.772			6
2026.04.01	01:05:42.205	158.770	158.771			6
2026.04.01	01:05:43.408	158.768	158.769			6
2026.04.01	01:05:47.918	158.767	158.768			6
2026.04.01	01:05:48.822	158.768	158.769			6
2026.04.01	01:05:52.429	158.767	158.768			6
2026.04.01	01:06:00.243	158.767				2
2026.04.01	01:06:04.744	158.768	158.769			6
2026.04.01	01:06:23.072	158.767	158.768			6
2026.04.01	01:06:25.175	158.768	158.769			6
2026.04.01	01:06:42.615	158.769	158.770			6
2026.04.01	01:06:47.724	158.768	158.769			6
2026.04.01	01:06:48.925	158.769	158.770			6
2026.04.01	01:07:00.042	158.769				2
2026.04.01	01:07:02.141	158.768	158.769			6
2026.04.01	01:07:03.043	158.795	158.796			6
2026.04.01	01:07:03.342	158.796	158.797			6
2026.04.01	01:07:03.942	158.797	158.798			6
2026.04.01	01:07:04.843	158.798	158.799			6
2026.04.01	01:07:05.443	158.802	158.803			6
2026.04.01	01:07:05.743	158.809	158.810			6
2026.04.01	01:07:36.416	158.808	158.809			6
2026.04.01	01:07:37.013	158.807	158.808			6
2026.04.01	01:07:37.913	158.804	158.805			6
2026.04.01	01:07:52.341	158.803	158.804			6
2026.04.01	01:07:53.540	158.811	158.812			6
2026.04.01	01:07:53.840	158.814	158.815			6
2026.04.01	01:07:54.141	158.815	158.816			6
2026.04.01	01:07:54.741	158.816	158.817			6
2026.04.01	01:08:00.147	158.816				2
2026.04.01	01:08:17.578	158.819	158.820			6
2026.04.01	01:08:18.781	158.821	158.822			6
2026.04.01	01:08:22.085	158.822	158.823			6
2026.04.01	01:08:27.501	158.821	158.822			6
2026.04.01	01:08:29.908	158.822	158.823			6
2026.04.01	01:08:46.432	158.823	158.824			6
2026.04.01	01:08:50.936	158.814	158.815			6
2026.04.01	01:08:51.236	158.812	158.813			6
2026.04.01	01:08:52.137	158.811	158.812			6
2026.04.01	01:08:53.038	158.810	158.811			6
2026.04.01	01:08:59.050	158.811	158.812			6
2026.04.01	01:09:00.252	158.811				2
2026.04.01	01:09:00.852	158.810	158.811			6
2026.04.01	01:09:04.454	158.805	158.806			6
2026.04.01	01:09:04.757	158.804	158.805			6
2026.04.01	01:09:15.274	158.805	158.806			6
2026.04.01	01:09:36.322	158.804	158.805			6
2026.04.01	01:09:37.825	158.805	158.806			6
2026.04.01	01:09:39.627	158.803	158.804			6
2026.04.01	01:09:59.757	158.798	158.799			6
2026.04.01	01:10:00.058	158.798				2
2026.04.01	01:10:00.358	158.796	158.797			6
2026.04.01	01:10:05.468	158.797	158.798			6
2026.04.01	01:10:12.977	158.801	158.802			6
2026.04.01	01:10:13.278	158.802	158.803			6
2026.04.01	01:10:14.479	158.803	158.804			6
2026.04.01	01:10:25.603	158.799	158.800			6
2026.04.01	01:10:27.408	158.798	158.799			6
2026.04.01	01:10:30.410	158.796	158.797			6
2026.04.01	01:10:34.018	158.797	158.798			6
2026.04.01	01:10:35.221	158.798	158.799			6
2026.04.01	01:10:37.320	158.796	158.797			6
2026.04.01	01:10:37.921	158.797	158.798			6
2026.04.01	01:10:47.236	158.798	158.799			6
2026.04.01	01:10:49.638	158.801	158.802			6
2026.04.01	01:10:51.440	158.802	158.803			6
2026.04.01	01:10:51.741	158.799	158.800			6
2026.04.01	01:10:52.342	158.798	158.799			6
2026.04.01	01:11:00.156	158.798				2
2026.04.01	01:11:00.457	158.797	158.798			6
2026.04.01	01:11:00.756	158.796	158.797			6
2026.04.01	01:11:04.364	158.798	158.799			6
2026.04.01	01:11:05.564	158.797	158.798			6
2026.04.01	01:11:15.484	158.796	158.797			6
2026.04.01	01:11:16.690	158.797	158.798			6
2026.04.01	01:11:21.502	158.796	158.797			6
2026.04.01	01:11:26.310	158.797	158.798			6
2026.04.01	01:11:30.516	158.793	158.794			6
2026.04.01	01:11:30.818	158.792	158.793			6
2026.04.01	01:11:32.021	158.791	158.792			6
2026.04.01	01:11:35.628	158.790	158.791			6
2026.04.01	01:11:46.154	158.791	158.792			6
2026.04.01	01:11:47.956	158.790	158.791			6
2026.04.01	01:11:48.256	158.791	158.792			6
2026.04.01	01:11:49.157	158.790	158.791			6
2026.04.01	01:11:50.657	158.789	158.790			6
2026.04.01	01:11:53.361	158.790	158.791			6
2026.04.01	01:11:57.866	158.786	158.787			6
2026.04.01	01:12:00.270	158.785	158.786			6
2026.04.01	01:12:01.170	158.789	158.790			6
2026.04.01	01:12:01.772	158.785	158.786			6
2026.04.01	01:12:03.279	158.786	158.787			6
2026.04.01	01:12:03.579	158.784	158.785			6
2026.04.01	01:12:05.680	158.781	158.782			6
2026.04.01	01:12:08.682	158.784	158.785			6
2026.04.01	01:12:17.415	158.780	158.781			6
2026.04.01	01:12:18.917	158.779	158.780			6
2026.04.01	01:12:20.718	158.777	158.778			6
2026.04.01	01:12:28.531	158.779	158.780			6
2026.04.01	01:12:29.131	158.777	158.778			6
2026.04.01	01:12:39.044	158.779	158.780			6
2026.04.01	01:12:39.942	158.777	158.778			6
2026.04.01	01:12:40.546	158.774	158.775			6
2026.04.01	01:12:48.356	158.773	158.774			6
2026.04.01	01:12:48.656	158.769	158.770			6
2026.04.01	01:12:54.670	158.770	158.771			6
2026.04.01	01:13:00.079	158.773	158.774			6
2026.04.01	01:13:00.979	158.767	158.768			6
2026.04.01	01:13:03.083	158.772	158.773			6
2026.04.01	01:13:03.383	158.771	158.772			6
2026.04.01	01:13:07.591	158.767	158.768			6
2026.04.01	01:13:11.195	158.768	158.769			6
2026.04.01	01:13:15.104	158.771	158.772			6
2026.04.01	01:13:15.404	158.773	158.774			6
2026.04.01	01:13:16.305	158.774	158.775			6
2026.04.01	01:13:19.011	158.773	158.774			6
2026.04.01	01:13:19.312	158.774	158.775			6
2026.04.01	01:13:23.216	158.771	158.772			6
2026.04.01	01:13:23.516	158.772	158.773			6
2026.04.01	01:13:24.417	158.771	158.772			6
2026.04.01	01:13:28.038	158.772	158.773			6
2026.04.01	01:13:28.941	158.771	158.772			6
2026.04.01	01:13:37.056	158.772	158.773			6
2026.04.01	01:13:38.859	158.775	158.776			6
2026.04.01	01:13:39.156	158.776	158.777			6
2026.04.01	01:13:40.062	158.777	158.778			6
2026.04.01	01:13:42.468	158.778	158.779			6
2026.04.01	01:13:42.769	158.777	158.778			6
2026.04.01	01:13:43.065	158.778	158.779			6
2026.04.01	01:13:43.664	158.777	158.778			6
2026.04.01	01:13:47.274	158.778	158.779			6
2026.04.01	01:13:47.573	158.779	158.780			6
2026.04.01	01:13:47.871	158.778	158.779			6
2026.04.01	01:13:53.593	158.779	158.780			6
2026.04.01	01:14:00.209	158.779				2
2026.04.01	01:14:05.916	158.778	158.779			6
2026.04.01	01:14:07.420	158.779	158.780			6
2026.04.01	01:14:08.922	158.778	158.779			6
2026.04.01	01:14:11.026	158.779	158.780			6
2026.04.01	01:14:11.326	158.778	158.779			6
2026.04.01	01:14:16.137	158.779	158.780			6
2026.04.01	01:14:18.239	158.778	158.779			6
2026.04.01	01:14:25.747	158.777	158.778			6
2026.04.01	01:14:32.656	158.775	158.776			6
2026.04.01	01:14:32.955	158.772	158.773			6
2026.04.01	01:14:33.257	158.771	158.772			6
2026.04.01	01:14:33.862	158.774	158.775			6
2026.04.01	01:14:34.761	158.777	158.778			6
2026.04.01	01:14:44.972	158.776	158.777			6
2026.04.01	01:14:47.675	158.777	158.778			6
2026.04.01	01:14:56.690	158.773	158.774			6
2026.04.01	01:14:56.991	158.763	158.764			6
2026.04.01	01:14:58.193	158.762	158.763			6
2026.04.01	01:14:58.493	158.763	158.764			6
2026.04.01	01:14:58.793	158.767	158.768			6
2026.04.01	01:14:59.394	158.765	158.766			6
2026.04.01	01:15:00.295	158.765				2
2026.04.01	01:15:00.595	158.767	158.768			6
2026.04.01	01:15:02.396	158.766	158.767			6
2026.04.01	01:15:03.597	158.764	158.765			6
2026.04.01	01:15:03.897	158.765	158.766			6
2026.04.01	01:15:07.202	158.764	158.765			6
2026.04.01	01:15:07.802	158.762	158.763			6
2026.04.01	01:15:08.105	158.760	158.761			6
2026.04.01	01:15:08.403	158.753	158.754			6
2026.04.01	01:15:08.702	158.756	158.757			6
2026.04.01	01:15:11.109	158.755	158.756			6
2026.04.01	01:15:11.410	158.754	158.755			6
2026.04.01	01:15:12.010	158.756	158.757			6
2026.04.01	01:15:12.310	158.755	158.756			6
2026.04.01	01:15:13.211	158.756	158.757			6
2026.04.01	01:15:13.512	158.755	158.756			6
2026.04.01	01:15:13.813	158.756	158.757			6
2026.04.01	01:15:15.313	158.755	158.756			6
2026.04.01	01:15:16.516	158.756	158.757			6
2026.04.01	01:15:17.419	158.757	158.758			6
2026.04.01	01:15:17.719	158.756	158.757			6
2026.04.01	01:15:18.020	158.757	158.758			6
2026.04.01	01:15:18.621	158.756	158.757			6
2026.04.01	01:15:20.423	158.757	158.758			6
2026.04.01	01:15:23.126	158.756	158.757			6
2026.04.01	01:15:31.540	158.755	158.756			6
2026.04.01	01:15:37.247	158.761	158.762			6
2026.04.01	01:15:38.149	158.762	158.763			6
2026.04.01	01:15:42.054	158.763	158.764			6
2026.04.01	01:15:56.783	158.760	158.761			6
2026.04.01	01:16:00.092	158.760				2
2026.04.01	01:16:00.997	158.763	158.764			6
2026.04.01	01:16:01.896	158.760	158.761			6
2026.04.01	01:16:04.608	158.763	158.764			6
2026.04.01	01:16:15.424	158.755	158.756			6
2026.04.01	01:16:15.724	158.754	158.755			6
2026.04.01	01:16:16.930	158.753	158.754			6
2026.04.01	01:16:17.224	158.743	158.744			6
2026.04.01	01:16:17.525	158.741	158.742			6
2026.04.01	01:16:18.727	158.742	158.743			6
2026.04.01	01:16:19.329	158.740	158.741			6
2026.04.01	01:16:23.238	158.730	158.731			6
2026.04.01	01:16:24.441	158.729	158.730			6
2026.04.01	01:16:33.457	158.732	158.733			6
2026.04.01	01:16:38.864	158.733	158.734			6
2026.04.01	01:16:39.160	158.734	158.735			6
2026.04.01	01:16:43.370	158.733	158.734			6
2026.04.01	01:16:49.981	158.732	158.733			6
2026.04.01	01:17:00.206	158.732				2
2026.04.01	01:17:02.312	158.736	158.737			6
2026.04.01	01:17:02.609	158.739	158.740			6
2026.04.01	01:17:02.910	158.738	158.739			6
2026.04.01	01:17:03.209	158.739	158.740			6
2026.04.01	01:17:04.718	158.740	158.741			6
2026.04.01	01:17:07.117	158.739	158.740			6
2026.04.01	01:17:08.323	158.740	158.741			6
2026.04.01	01:17:26.665	158.741	158.742			6
2026.04.01	01:17:29.365	158.740	158.741			6
2026.04.01	01:17:42.299	158.741	158.742			6
2026.04.01	01:17:42.900	158.739	158.740			6
2026.04.01	01:17:48.615	158.740	158.741			6
2026.04.01	01:17:52.824	158.739	158.740			6
2026.04.01	01:17:54.328	158.740	158.741			6
2026.04.01	01:18:00.040	158.740				2
2026.04.01	01:18:09.651	158.739	158.740			6
2026.04.01	01:18:10.551	158.740	158.741			6
2026.04.01	01:18:12.955	158.739	158.740			6
2026.04.01	01:18:14.757	158.740	158.741			6
2026.04.01	01:18:20.163	158.739	158.740			6
2026.04.01	01:18:21.668	158.740	158.741			6
2026.04.01	01:19:00.161	158.740				2
2026.04.01	01:19:02.856	158.739	158.740			6
2026.04.01	01:19:08.566	158.740	158.741			6
2026.04.01	01:19:30.517	158.739	158.740			6
2026.04.01	01:19:30.822	158.740	158.741			6
2026.04.01	01:19:31.422	158.739	158.740			6
2026.04.01	01:19:32.921	158.740	158.741			6
2026.04.01	01:19:48.550	158.741	158.742			6
2026.04.01	01:19:54.856	158.740	158.741			6
2026.04.01	01:19:57.564	158.739	158.740			6
2026.04.01	01:20:00.270	158.740	158.741			6
2026.04.01	01:20:00.565	158.739	158.740			6
2026.04.01	01:20:03.868	158.740	158.741			6
2026.04.01	01:20:11.986	158.739	158.740			6
2026.04.01	01:20:31.539	158.740	158.741			6
2026.04.01	01:20:43.554	158.751	158.752			6
2026.04.01	01:20:45.356	158.752	158.753			6
2026.04.01	01:21:00.084	158.752				2
2026.04.01	01:21:01.290	158.753	158.754			6
2026.04.01	01:21:02.793	158.752	158.753			6
2026.04.01	01:21:16.323	158.751	158.752			6
2026.04.01	01:21:17.525	158.752	158.753			6
2026.04.01	01:21:18.730	158.753	158.754			6
2026.04.01	01:21:19.331	158.752	158.753			6
2026.04.01	01:21:20.539	158.753	158.754			6
2026.04.01	01:21:26.546	158.752	158.753			6
2026.04.01	01:21:27.148	158.762	158.763			6
2026.04.01	01:21:27.446	158.767	158.768			6
2026.04.01	01:21:27.747	158.766	158.767			6
2026.04.01	01:21:28.047	158.767	158.768			6
2026.04.01	01:21:28.346	158.768	158.769			6
2026.04.01	01:21:28.647	158.767	158.768			6
2026.04.01	01:21:30.750	158.768	158.769			6
2026.04.01	01:21:38.866	158.767	158.768			6
2026.04.01	01:21:46.067	158.768	158.769			6
2026.04.01	01:21:47.870	158.767	158.768			6
2026.04.01	01:21:49.680	158.766	158.767			6
2026.04.01	01:21:50.281	158.765	158.766			6
2026.04.01	01:21:52.987	158.766	158.767			6
2026.04.01	01:21:54.186	158.765	158.766			6
2026.04.01	01:21:59.601	158.766	158.767			6
2026.04.01	01:22:00.202	158.766				2
2026.04.01	01:22:00.501	158.765	158.766			6
2026.04.01	01:22:02.607	158.764	158.765			6
2026.04.01	01:22:02.907	158.765	158.766			6
2026.04.01	01:22:15.841	158.766	158.767			6
2026.04.01	01:22:17.041	158.765	158.766			6
2026.04.01	01:22:17.940	158.766	158.767			6
2026.04.01	01:22:18.852	158.765	158.766			6
2026.04.01	01:22:19.149	158.763	158.764			6
2026.04.01	01:22:22.144	158.762	158.763			6
2026.04.01	01:22:22.445	158.761	158.762			6
2026.04.01	01:22:42.585	158.760	158.761			6
2026.04.01	01:22:42.887	158.761	158.762			6
2026.04.01	01:22:49.499	158.760	158.761			6
2026.04.01	01:22:52.503	158.761	158.762			6
2026.04.01	01:22:56.411	158.760	158.761			6
2026.04.01	01:23:00.016	158.760				2
2026.04.01	01:23:00.319	158.764	158.765			6
2026.04.01	01:23:01.518	158.765	158.766			6
2026.04.01	01:23:02.421	158.763	158.764			6
2026.04.01	01:23:05.126	158.764	158.765			6
2026.04.01	01:23:10.537	158.765	158.766			6
2026.04.01	01:23:24.365	158.766	158.767			6
2026.04.01	01:23:26.465	158.765	158.766			6
2026.04.01	01:23:34.578	158.766	158.767			6
2026.04.01	01:23:36.987	158.765	158.766			6
2026.04.01	01:23:37.585	158.766	158.767			6
2026.04.01	01:23:39.692	158.777	158.778			6
2026.04.01	01:23:39.990	158.778	158.779			6
2026.04.01	01:23:46.302	158.779	158.780			6
2026.04.01	01:23:46.602	158.778	158.779			6
2026.04.01	01:23:53.828	158.779	158.780			6
2026.04.01	01:23:57.436	158.778	158.779			6
2026.04.01	01:23:58.942	158.777	158.778			6
2026.04.01	01:24:00.150	158.777				2
2026.04.01	01:24:01.042	158.776	158.777			6
2026.04.01	01:24:01.342	158.777	158.778			6
2026.04.01	01:24:05.848	158.775	158.776			6
2026.04.01	01:24:13.657	158.774	158.775			6
2026.04.01	01:24:15.762	158.775	158.776			6
2026.04.01	01:24:16.666	158.776	158.777			6
2026.04.01	01:24:16.963	158.775	158.776			6
2026.04.01	01:24:18.765	158.776	158.777			6
2026.04.01	01:24:20.267	158.775	158.776			6
2026.04.01	01:24:27.193	158.774	158.775			6
2026.04.01	01:24:27.494	158.775	158.776			6
2026.04.01	01:24:37.718	158.774	158.775			6
2026.04.01	01:24:40.427	158.775	158.776			6
2026.04.01	01:24:41.623	158.772	158.773			6
2026.04.01	01:24:41.923	158.760	158.761			6
2026.04.01	01:24:43.423	158.761	158.762			6
2026.04.01	01:24:43.724	158.763	158.764			6
2026.04.01	01:24:44.627	158.760	158.761			6
2026.04.01	01:24:45.830	158.759	158.760			6
2026.04.01	01:24:46.136	158.760	158.761			6
2026.04.01	01:24:46.742	158.763	158.764			6
2026.04.01	01:24:49.141	158.762	158.763			6
2026.04.01	01:24:53.346	158.763	158.764			6
2026.04.01	01:24:56.652	158.764	158.765			6
2026.04.01	01:24:56.954	158.763	158.764			6
2026.04.01	01:24:58.456	158.764	158.765			6
2026.04.01	01:25:00.262	158.764				2
2026.04.01	01:25:01.764	158.763	158.764			6
2026.04.01	01:25:02.665	158.764	158.765			6
2026.04.01	01:25:03.265	158.763	158.764			6
2026.04.01	01:25:03.867	158.764	158.765			6
2026.04.01	01:25:07.472	158.763	158.764			6
2026.04.01	01:25:08.974	158.773	158.774			6
2026.04.01	01:25:09.273	158.774	158.775			6
2026.04.01	01:25:10.478	158.775	158.776			6
2026.04.01	01:25:12.279	158.774	158.775			6
2026.04.01	01:25:12.883	158.775	158.776			6
2026.04.01	01:25:15.884	158.776	158.777			6
2026.04.01	01:25:16.490	158.775	158.776			6
2026.04.01	01:25:21.293	158.774	158.775			6
2026.04.01	01:25:21.599	158.775	158.776			6
2026.04.01	01:25:22.200	158.774	158.775			6
2026.04.01	01:25:22.493	158.775	158.776			6
2026.04.01	01:25:25.196	158.774	158.775			6
2026.04.01	01:25:28.202	158.775	158.776			6
2026.04.01	01:25:35.725	158.774	158.775			6
2026.04.01	01:25:36.626	158.775	158.776			6
2026.04.01	01:25:37.826	158.774	158.775			6
2026.04.01	01:25:39.628	158.775	158.776			6
2026.04.01	01:25:40.833	158.774	158.775			6
2026.04.01	01:25:41.728	158.775	158.776			6
2026.04.01	01:25:42.335	158.774	158.775			6
2026.04.01	01:25:51.348	158.775	158.776			6
2026.04.01	01:25:56.759	158.774	158.775			6
2026.04.01	01:25:57.056	158.775	158.776			6
2026.04.01	01:26:00.059	158.775				2
2026.04.01	01:26:06.973	158.774	158.775			6
2026.04.01	01:26:08.783	158.775	158.776			6
2026.04.01	01:26:09.981	158.774	158.775			6
2026.04.01	01:26:11.186	158.775	158.776			6
2026.04.01	01:26:13.891	158.774	158.775			6
2026.04.01	01:26:15.392	158.775	158.776			6
2026.04.01	01:26:17.510	158.774	158.775			6
2026.04.01	01:26:17.811	158.775	158.776			6
2026.04.01	01:26:19.013	158.774	158.775			6
2026.04.01	01:26:21.117	158.775	158.776			6
2026.04.01	01:26:23.215	158.774	158.775			6
2026.04.01	01:26:28.623	158.775	158.776			6
2026.04.01	01:26:32.533	158.764	158.765			6
2026.04.01	01:26:32.831	158.763	158.764			6
2026.04.01	01:26:33.734	158.764	158.765			6
2026.04.01	01:26:34.037	158.762	158.763			6
2026.04.01	01:26:35.538	158.763	158.764			6
2026.04.01	01:26:38.841	158.762	158.763			6
2026.04.01	01:26:39.141	158.763	158.764			6
2026.04.01	01:26:41.845	158.762	158.763			6
2026.04.01	01:26:43.647	158.765	158.766			6
2026.04.01	01:26:47.253	158.766	158.767			6
2026.04.01	01:26:49.959	158.764	158.765			6
2026.04.01	01:26:59.889	158.763	158.764			6
2026.04.01	01:27:00.187	158.763				2
2026.04.01	01:27:02.594	158.764	158.765			6
2026.04.01	01:27:03.496	158.765	158.766			6
2026.04.01	01:27:04.104	158.760	158.761			6
2026.04.01	01:27:05.300	158.758	158.759			6
2026.04.01	01:27:13.426	158.756	158.757			6
2026.04.01	01:27:13.723	158.757	158.758			6
2026.04.01	01:27:15.826	158.756	158.757			6
2026.04.01	01:27:22.742	158.754	158.755			6
2026.04.01	01:27:23.341	158.753	158.754			6
2026.04.01	01:27:24.247	158.754	158.755			6
2026.04.01	01:27:34.159	158.752	158.753			6
2026.04.01	01:27:36.268	158.754	158.755			6
2026.04.01	01:27:38.365	158.756	158.757			6
2026.04.01	01:27:38.666	158.755	158.756			6
2026.04.01	01:27:39.265	158.754	158.755			6
2026.04.01	01:27:43.484	158.752	158.753			6
2026.04.01	01:27:44.681	158.753	158.754			6
2026.04.01	01:27:45.881	158.754	158.755			6
2026.04.01	01:27:55.803	158.756	158.757			6
2026.04.01	01:28:00.017	158.756				2
2026.04.01	01:28:00.617	158.757	158.758			6
2026.04.01	01:28:06.925	158.754	158.755			6
2026.04.01	01:28:07.225	158.753	158.754			6
2026.04.01	01:28:07.530	158.754	158.755			6
2026.04.01	01:28:11.438	158.753	158.754			6
2026.04.01	01:28:28.581	158.752	158.753			6
2026.04.01	01:28:28.882	158.753	158.754			6
2026.04.01	01:28:29.480	158.752	158.753			6
2026.04.01	01:28:39.703	158.753	158.754			6
2026.04.01	01:28:47.817	158.752	158.753			6
2026.04.01	01:28:50.824	158.753	158.754			6
2026.04.01	01:28:56.235	158.752	158.753			6
2026.04.01	01:29:00.145	158.752				2
2026.04.01	01:29:02.247	158.753	158.754			6
2026.04.01	01:29:07.062	158.750	158.751			6
2026.04.01	01:29:10.967	158.749	158.750			6
2026.04.01	01:29:11.264	158.750	158.751			6
2026.04.01	01:29:12.474	158.751	158.752			6
2026.04.01	01:29:14.892	158.749	158.750			6
2026.04.01	01:29:22.118	158.748	158.749			6
2026.04.01	01:29:26.927	158.745	158.746			6
2026.04.01	01:29:49.169	158.744	158.745			6
2026.04.01	01:29:50.072	158.745	158.746			6
2026.04.01	01:29:51.878	158.747	158.748			6
2026.04.01	01:29:53.081	158.746	158.747			6
2026.04.01	01:30:00.001	158.746				2
2026.04.01	01:30:00.602	158.749	158.750			6
2026.04.01	01:30:07.210	158.745	158.746			6
2026.04.01	01:30:07.509	158.744	158.745			6
2026.04.01	01:30:08.713	158.745	158.746			6
2026.04.01	01:30:10.514	158.744	158.745			6
2026.04.01	01:30:11.115	158.743	158.744			6
2026.04.01	01:30:11.414	158.741	158.742			6
2026.04.01	01:30:12.314	158.740	158.741			6
2026.04.01	01:30:14.416	158.736	158.737			6
2026.04.01	01:30:14.717	158.741	158.742			6
2026.04.01	01:30:15.325	158.742	158.743			6
2026.04.01	01:30:25.238	158.741	158.742			6
2026.04.01	01:30:32.462	158.740	158.741			6
2026.04.01	01:30:33.659	158.739	158.740			6
2026.04.01	01:30:35.463	158.740	158.741			6
2026.04.01	01:30:37.865	158.734	158.735			6
2026.04.01	01:30:38.164	158.735	158.736			6
2026.04.01	01:30:38.464	158.734	158.735			6
2026.04.01	01:30:39.068	158.735	158.736			6
2026.04.01	01:30:42.974	158.734	158.735			6
2026.04.01	01:30:43.275	158.732	158.733			6
2026.04.01	01:30:43.877	158.733	158.734			6
2026.04.01	01:30:44.479	158.732	158.733			6
2026.04.01	01:30:45.081	158.733	158.734			6
2026.04.01	01:30:47.787	158.732	158.733			6
2026.04.01	01:30:48.390	158.733	158.734			6
2026.04.01	01:30:49.593	158.734	158.735			6
2026.04.01	01:30:50.795	158.733	158.734			6
2026.04.01	01:30:52.898	158.732	158.733			6
2026.04.01	01:30:53.499	158.734	158.735			6
2026.04.01	01:30:57.702	158.731	158.732			6
2026.04.01	01:30:58.304	158.732	158.733			6
2026.04.01	01:30:58.910	158.734	158.735			6
2026.04.01	01:30:59.204	158.735	158.736			6
2026.04.01	01:30:59.506	158.736	158.737			6
2026.04.01	01:31:00.106	158.736				2
2026.04.01	01:31:00.707	158.737	158.738			6
2026.04.01	01:31:02.812	158.733	158.734			6
2026.04.01	01:31:03.114	158.734	158.735			6
2026.04.01	01:31:04.310	158.735	158.736			6
2026.04.01	01:31:06.115	158.736	158.737			6
2026.04.01	01:31:06.415	158.737	158.738			6
2026.04.01	01:31:07.016	158.733	158.734			6
2026.04.01	01:31:07.320	158.732	158.733			6
2026.04.01	01:31:07.918	158.730	158.731			6
2026.04.01	01:31:08.818	158.731	158.732			6
2026.04.01	01:31:09.119	158.732	158.733			6
2026.04.01	01:31:12.423	158.731	158.732			6
2026.04.01	01:31:12.725	158.730	158.731			6
2026.04.01	01:31:14.225	158.731	158.732			6
2026.04.01	01:31:17.838	158.730	158.731			6
2026.04.01	01:31:18.741	158.731	158.732			6
2026.04.01	01:31:22.046	158.730	158.731			6
2026.04.01	01:31:22.946	158.729	158.730			6
2026.04.01	01:31:23.247	158.730	158.731			6
2026.04.01	01:31:24.146	158.731	158.732			6
2026.04.01	01:31:27.456	158.732	158.733			6
2026.04.01	01:31:27.756	158.731	158.732			6
2026.04.01	01:31:28.964	158.732	158.733			6
2026.04.01	01:31:32.865	158.731	158.732			6
2026.04.01	01:31:33.768	158.732	158.733			6
2026.04.01	01:31:37.685	158.731	158.732			6
2026.04.01	01:31:38.590	158.733	158.734			6
2026.04.01	01:31:38.891	158.736	158.737			6
2026.04.01	01:31:39.792	158.737	158.738			6
2026.04.01	01:31:42.795	158.736	158.737			6
2026.04.01	01:31:43.997	158.737	158.738			6
2026.04.01	01:31:47.001	158.738	158.739			6
2026.04.01	01:31:47.904	158.736	158.737			6
2026.04.01	01:32:00.221	158.736				2
2026.04.01	01:32:00.521	158.740	158.741			6
2026.04.01	01:32:00.822	158.741	158.742			6
2026.04.01	01:32:01.722	158.742	158.743			6
2026.04.01	01:32:02.925	158.741	158.742			6
2026.04.01	01:32:07.437	158.740	158.741			6
2026.04.01	01:32:08.639	158.741	158.742			6
2026.04.01	01:32:08.938	158.740	158.741			6
2026.04.01	01:32:23.665	158.741	158.742			6
2026.04.01	01:32:23.962	158.742	158.743			6
2026.04.01	01:32:24.866	158.748	158.749			6
2026.04.01	01:32:25.164	158.749	158.750			6
2026.04.01	01:32:39.281	158.747	158.748			6
2026.04.01	01:32:40.183	158.748	158.749			6
2026.04.01	01:32:40.487	158.747	158.748			6
2026.04.01	01:32:47.091	158.742	158.743			6
2026.04.01	01:32:47.391	158.741	158.742			6
2026.04.01	01:32:48.292	158.748	158.749			6
2026.04.01	01:32:48.591	158.747	158.748			6
2026.04.01	01:32:49.497	158.748	158.749			6
2026.04.01	01:32:50.392	158.749	158.750			6
2026.04.01	01:33:00.015	158.749				2
2026.04.01	01:33:03.019	158.750	158.751			6
2026.04.01	01:33:03.620	158.751	158.752			6
2026.04.01	01:33:04.519	158.752	158.753			6
2026.04.01	01:33:16.839	158.756	158.757			6
2026.04.01	01:33:17.139	158.753	158.754			6
2026.04.01	01:33:17.739	158.756	158.757			6
2026.04.01	01:33:18.341	158.757	158.758			6
2026.04.01	01:33:30.960	158.755	158.756			6
2026.04.01	01:33:36.970	158.753	158.754			6
2026.04.01	01:33:48.687	158.754	158.755			6
2026.04.01	01:33:49.592	158.753	158.754			6
2026.04.01	01:33:49.891	158.752	158.753			6
2026.04.01	01:33:52.296	158.753	158.754			6
2026.04.01	01:34:00.115	158.753				2
2026.04.01	01:34:01.318	158.760	158.761			6
2026.04.01	01:34:05.516	158.772	158.773			6
2026.04.01	01:34:07.919	158.773	158.774			6
2026.04.01	01:34:10.628	158.774	158.775			6
2026.04.01	01:34:12.729	158.773	158.774			6
2026.04.01	01:34:16.344	158.774	158.775			6
2026.04.01	01:34:16.640	158.773	158.774			6
2026.04.01	01:34:18.147	158.774	158.775			6
2026.04.01	01:34:18.742	158.773	158.774			6
2026.04.01	01:34:20.544	158.774	158.775			6
2026.04.01	01:34:20.845	158.773	158.774			6
2026.04.01	01:34:24.149	158.774	158.775			6
2026.04.01	01:34:24.452	158.773	158.774			6
2026.04.01	01:34:28.355	158.772	158.773			6
2026.04.01	01:34:32.859	158.771	158.772			6
2026.04.01	01:34:33.160	158.772	158.773			6
2026.04.01	01:34:36.765	158.771	158.772			6
2026.04.01	01:34:44.269	158.772	158.773			6
2026.04.01	01:34:46.977	158.773	158.774			6
2026.04.01	01:34:49.680	158.772	158.773			6
2026.04.01	01:34:50.282	158.773	158.774			6
2026.04.01	01:34:52.382	158.772	158.773			6
2026.04.01	01:34:53.585	158.773	158.774			6
2026.04.01	01:34:54.784	158.772	158.773			6
2026.04.01	01:35:00.191	158.772				2
2026.04.01	01:35:03.195	158.773	158.774			6
2026.04.01	01:35:03.495	158.772	158.773			6
2026.04.01	01:35:04.097	158.773	158.774			6
2026.04.01	01:35:04.396	158.772	158.773			6
2026.04.01	01:35:05.297	158.766	158.767			6
2026.04.01	01:35:05.597	158.761	158.762			6
2026.04.01	01:35:06.500	158.760	158.761			6
2026.04.01	01:35:07.102	158.759	158.760			6
2026.04.01	01:35:13.118	158.765	158.766			6
2026.04.01	01:35:14.321	158.766	158.767			6
2026.04.01	01:35:32.048	158.767	158.768			6
2026.04.01	01:35:32.342	158.766	158.767			6
2026.04.01	01:35:32.642	158.767	158.768			6
2026.04.01	01:35:37.447	158.768	158.769			6
2026.04.01	01:35:42.557	158.767	158.768			6
2026.04.01	01:36:00.002	158.767				2
2026.04.01	01:36:06.615	158.777	158.778			6
2026.04.01	01:36:08.424	158.769	158.770			6
2026.04.01	01:36:08.728	158.768	158.769			6
2026.04.01	01:36:09.928	158.767	158.768			6
2026.04.01	01:36:12.635	158.774	158.775			6
2026.04.01	01:36:12.936	158.776	158.777			6
2026.04.01	01:36:13.539	158.777	158.778			6
2026.04.01	01:36:23.440	158.778	158.779			6
2026.04.01	01:36:24.041	158.777	158.778			6
2026.04.01	01:36:26.443	158.778	158.779			6
2026.04.01	01:36:27.648	158.777	158.778			6
2026.04.01	01:36:28.546	158.778	158.779			6
2026.04.01	01:36:30.046	158.777	158.778			6
2026.04.01	01:36:30.651	158.778	158.779			6
2026.04.01	01:36:31.550	158.777	158.778			6
2026.04.01	01:36:31.848	158.778	158.779			6
2026.04.01	01:36:32.154	158.777	158.778			6
2026.04.01	01:36:32.450	158.778	158.779			6
2026.04.01	01:36:32.750	158.777	158.778			6
2026.04.01	01:36:35.458	158.778	158.779			6
2026.04.01	01:36:35.756	158.777	158.778			6
2026.04.01	01:36:36.957	158.778	158.779			6
2026.04.01	01:36:37.258	158.777	158.778			6
2026.04.01	01:36:38.464	158.778	158.779			6
2026.04.01	01:36:38.762	158.777	158.778			6
2026.04.01	01:36:39.363	158.778	158.779			6
2026.04.01	01:36:39.663	158.777	158.778			6
2026.04.01	01:36:39.964	158.778	158.779			6
2026.04.01	01:36:40.562	158.777	158.778			6
2026.04.01	01:36:41.467	158.778	158.779			6
2026.04.01	01:36:42.068	158.777	158.778			6
2026.04.01	01:37:00.084	158.777				2
2026.04.01	01:37:09.998	158.767	158.768			6
2026.04.01	01:37:10.296	158.768	158.769			6
2026.04.01	01:37:10.896	158.767	158.768			6
2026.04.01	01:37:13.299	158.766	158.767			6
2026.04.01	01:37:31.923	158.760	158.761			6
2026.04.01	01:37:32.218	158.756	158.757			6
2026.04.01	01:37:33.424	158.754	158.755			6
2026.04.01	01:37:42.745	158.755	158.756			6
2026.04.01	01:37:44.845	158.754	158.755			6
2026.04.01	01:38:00.182	158.754				2
2026.04.01	01:38:03.189	158.753	158.754			6
2026.04.01	01:38:24.224	158.742	158.743			6
2026.04.01	01:38:24.527	158.743	158.744			6
2026.04.01	01:38:25.724	158.742	158.743			6
2026.04.01	01:38:30.527	158.741	158.742			6
2026.04.01	01:38:32.630	158.742	158.743			6
2026.04.01	01:38:38.941	158.741	158.742			6
2026.04.01	01:38:56.064	158.742	158.743			6
2026.04.01	01:38:56.363	158.741	158.742			6
2026.04.01	01:39:00.268	158.741				2
2026.04.01	01:39:03.274	158.742	158.743			6
2026.04.01	01:39:03.877	158.741	158.742			6
2026.04.01	01:39:27.005	158.740	158.741			6
2026.04.01	01:39:34.822	158.731	158.732			6
2026.04.01	01:39:35.122	158.729	158.730			6
2026.04.01	01:39:36.925	158.728	158.729			6
2026.04.01	01:39:42.937	158.727	158.728			6
2026.04.01	01:39:45.038	158.728	158.729			6
2026.04.01	01:39:45.944	158.729	158.730			6
2026.04.01	01:39:47.745	158.728	158.729			6
2026.04.01	01:39:48.950	158.729	158.730			6
2026.04.01	01:39:52.852	158.728	158.729			6
2026.04.01	01:39:54.057	158.729	158.730			6
2026.04.01	01:39:57.958	158.728	158.729			6
2026.04.01	01:39:58.864	158.729	158.730			6
2026.04.01	01:40:00.072	158.729				2
2026.04.01	01:40:00.365	158.728	158.729			6
2026.04.01	01:40:01.563	158.729	158.730			6
2026.04.01	01:40:02.769	158.728	158.729			6
2026.04.01	01:40:03.065	158.729	158.730			6
2026.04.01	01:40:12.675	158.728	158.729			6
2026.04.01	01:40:13.881	158.729	158.730			6
2026.04.01	01:40:14.788	158.730	158.731			6
2026.04.01	01:40:15.081	158.729	158.730			6
2026.04.01	01:40:15.984	158.728	158.729			6
2026.04.01	01:40:16.589	158.729	158.730			6
2026.04.01	01:40:17.785	158.727	158.728			6
2026.04.01	01:40:19.586	158.728	158.729			6
2026.04.01	01:40:20.489	158.729	158.730			6
2026.04.01	01:40:20.789	158.728	158.729			6
2026.04.01	01:40:24.094	158.729	158.730			6
2026.04.01	01:40:27.400	158.730	158.731			6
2026.04.01	01:40:27.700	158.729	158.730			6
2026.04.01	01:40:28.902	158.730	158.731			6
2026.04.01	01:40:32.509	158.729	158.730			6
2026.04.01	01:40:37.916	158.730	158.731			6
2026.04.01	01:40:40.017	158.729	158.730			6
2026.04.01	01:40:41.819	158.730	158.731			6
2026.04.01	01:40:42.720	158.729	158.730			6
2026.04.01	01:40:43.021	158.730	158.731			6
2026.04.01	01:40:45.428	158.729	158.730			6
2026.04.01	01:40:49.337	158.730	158.731			6
2026.04.01	01:40:52.941	158.729	158.730			6
2026.04.01	01:40:53.843	158.730	158.731			6
2026.04.01	01:40:57.757	158.729	158.730			6
2026.04.01	01:40:58.956	158.730	158.731			6
2026.04.01	01:40:59.861	158.731	158.732			6
2026.04.01	01:41:00.162	158.731				2
2026.04.01	01:41:01.364	158.730	158.731			6
2026.04.01	01:41:01.667	158.729	158.730			6
2026.04.01	01:41:03.766	158.728	158.729			6
2026.04.01	01:41:08.574	158.742	158.743			6
2026.04.01	01:41:08.869	158.741	158.742			6
2026.04.01	01:41:09.771	158.740	158.741			6
2026.04.01	01:41:10.672	158.741	158.742			6
2026.04.01	01:41:13.979	158.740	158.741			6
2026.04.01	01:41:18.191	158.741	158.742			6
2026.04.01	01:41:18.788	158.740	158.741			6
2026.04.01	01:41:20.894	158.741	158.742			6
2026.04.01	01:41:21.191	158.740	158.741			6
2026.04.01	01:41:21.805	158.741	158.742			6
2026.04.01	01:41:24.802	158.740	158.741			6
2026.04.01	01:41:25.411	158.743	158.744			6
2026.04.01	01:41:25.706	158.741	158.742			6
2026.04.01	01:41:38.031	158.740	158.741			6
2026.04.01	01:41:38.339	158.741	158.742			6
2026.04.01	01:41:38.635	158.740	158.741			6
2026.04.01	01:41:50.356	158.741	158.742			6
2026.04.01	01:41:50.656	158.740	158.741			6
2026.04.01	01:41:51.860	158.741	158.742			6
2026.04.01	01:41:53.362	158.740	158.741			6
2026.04.01	01:42:00.280	158.740				2
2026.04.01	01:42:01.477	158.729	158.730			6
2026.04.01	01:42:01.772	158.728	158.729			6
2026.04.01	01:42:02.675	158.727	158.728			6
2026.04.01	01:42:12.603	158.729	158.730			6
2026.04.01	01:42:16.501	158.728	158.729			6
2026.04.01	01:42:17.704	158.729	158.730			6
2026.04.01	01:42:21.914	158.728	158.729			6
2026.04.01	01:42:22.814	158.729	158.730			6
2026.04.01	01:42:28.830	158.727	158.728			6
2026.04.01	01:42:30.031	158.728	158.729			6
2026.04.01	01:42:35.140	158.729	158.730			6
2026.04.01	01:42:39.049	158.728	158.729			6
2026.04.01	01:42:43.254	158.729	158.730			6
2026.04.01	01:42:43.854	158.728	158.729			6
2026.04.01	01:42:44.756	158.729	158.730			6
2026.04.01	01:42:54.076	158.728	158.729			6
2026.04.01	01:43:00.093	158.728				2
2026.04.01	01:43:00.393	158.729	158.730			6
2026.04.01	01:43:03.698	158.730	158.731			6
2026.04.01	01:43:07.912	158.729	158.730			6
2026.04.01	01:43:23.844	158.728	158.729			6
2026.04.01	01:43:25.347	158.729	158.730			6
2026.04.01	01:44:00.215	158.729				2
2026.04.01	01:44:00.515	158.728	158.729			6
2026.04.01	01:44:01.116	158.729	158.730			6
2026.04.01	01:44:03.823	158.719	158.720			6
2026.04.01	01:44:05.927	158.718	158.719			6
2026.04.01	01:44:07.430	158.719	158.720			6
2026.04.01	01:44:12.847	158.718	158.719			6
2026.04.01	01:44:14.345	158.724	158.725			6
2026.04.01	01:44:18.854	158.725	158.726			6
2026.04.01	01:44:19.153	158.724	158.725			6
2026.04.01	01:44:19.753	158.725	158.726			6
2026.04.01	01:44:20.053	158.724	158.725			6
2026.04.01	01:44:23.958	158.723	158.724			6
2026.04.01	01:44:33.575	158.724	158.725			6
2026.04.01	01:44:34.774	158.725	158.726			6
2026.04.01	01:44:35.376	158.723	158.724			6
2026.04.01	01:44:35.677	158.722	158.723			6
2026.04.01	01:44:37.777	158.721	158.722			6
2026.04.01	01:44:38.082	158.722	158.723			6
2026.04.01	01:44:38.981	158.721	158.722			6
2026.04.01	01:44:49.206	158.718	158.719			6
2026.04.01	01:44:49.506	158.717	158.718			6
2026.04.01	01:44:52.215	158.716	158.717			6
2026.04.01	01:44:52.815	158.729	158.730			6
2026.04.01	01:44:53.116	158.728	158.729			6
2026.04.01	01:44:57.324	158.730	158.731			6
2026.04.01	01:45:00.028	158.730				2
2026.04.01	01:45:07.239	158.729	158.730			6
2026.04.01	01:45:07.539	158.730	158.731			6
2026.04.01	01:45:08.440	158.729	158.730			6
2026.04.01	01:45:23.124	158.730	158.731			6
2026.04.01	01:45:24.004	158.729	158.730			6
2026.04.01	01:45:30.012	158.730	158.731			6
2026.04.01	01:45:30.313	158.731	158.732			6
2026.04.01	01:45:30.613	158.729	158.730			6
2026.04.01	01:45:36.624	158.730	158.731			6
2026.04.01	01:45:36.926	158.729	158.730			6
2026.04.01	01:45:49.248	158.730	158.731			6
2026.04.01	01:45:49.549	158.729	158.730			6
2026.04.01	01:46:00.091	158.729				2
2026.04.01	01:46:02.800	158.730	158.731			6
2026.04.01	01:46:04.303	158.729	158.730			6
2026.04.01	01:46:12.724	158.730	158.731			6
2026.04.01	01:46:13.621	158.729	158.730			6
2026.04.01	01:46:31.354	158.731	158.732			6
2026.04.01	01:46:31.649	158.730	158.731			6
2026.04.01	01:46:40.666	158.731	158.732			6
2026.04.01	01:46:41.567	158.730	158.731			6
2026.04.01	01:46:43.064	158.731	158.732			6
2026.04.01	01:46:43.969	158.730	158.731			6
2026.04.01	01:46:45.170	158.731	158.732			6
2026.04.01	01:46:45.472	158.730	158.731			6
2026.04.01	01:46:46.675	158.731	158.732			6
2026.04.01	01:46:49.383	158.730	158.731			6
2026.04.01	01:46:49.682	158.731	158.732			6
2026.04.01	01:46:50.585	158.730	158.731			6
2026.04.01	01:46:50.886	158.731	158.732			6
2026.04.01	01:46:51.184	158.730	158.731			6
2026.04.01	01:46:51.485	158.731	158.732			6
2026.04.01	01:46:51.785	158.730	158.731			6
2026.04.01	01:46:52.685	158.731	158.732			6
2026.04.01	01:46:52.986	158.730	158.731			6
2026.04.01	01:46:53.289	158.731	158.732			6
2026.04.01	01:46:55.091	158.730	158.731			6
2026.04.01	01:46:55.392	158.731	158.732			6
2026.04.01	01:46:55.692	158.730	158.731			6
2026.04.01	01:46:59.298	158.729	158.730			6
2026.04.01	01:46:59.598	158.730	158.731			6
2026.04.01	01:47:00.198	158.730				2
2026.04.01	01:47:17.929	158.731	158.732			6
2026.04.01	01:47:18.230	158.730	158.731			6
2026.04.01	01:47:22.431	158.731	158.732			6
2026.04.01	01:47:22.738	158.730	158.731			6
2026.04.01	01:47:26.641	158.726	158.727			6
2026.04.01	01:47:26.938	158.721	158.722			6
2026.04.01	01:47:28.439	158.729	158.730			6
2026.04.01	01:47:29.645	158.730	158.731			6
2026.04.01	01:47:32.943	158.731	158.732			6
2026.04.01	01:47:34.143	158.730	158.731			6
2026.04.01	01:47:35.649	158.719	158.720			6
2026.04.01	01:47:37.757	158.718	158.719			6
2026.04.01	01:47:39.258	158.719	158.720			6
2026.04.01	01:47:40.155	158.725	158.726			6
2026.04.01	01:47:41.659	158.727	158.728			6
2026.04.01	01:47:41.961	158.726	158.727			6
2026.04.01	01:47:42.856	158.725	158.726			6
2026.04.01	01:47:44.059	158.724	158.725			6
2026.04.01	01:47:50.068	158.725	158.726			6
2026.04.01	01:47:58.485	158.726	158.727			6
2026.04.01	01:47:59.384	158.730	158.731			6
2026.04.01	01:48:00.284	158.730				2
2026.04.01	01:48:00.888	158.727	158.728			6
2026.04.01	01:48:01.487	158.726	158.727			6
2026.04.01	01:48:02.991	158.725	158.726			6
2026.04.01	01:48:03.292	158.726	158.727			6
2026.04.01	01:48:05.393	158.725	158.726			6
2026.04.01	01:48:11.100	158.726	158.727			6
2026.04.01	01:48:11.402	158.731	158.732			6
2026.04.01	01:48:12.300	158.732	158.733			6
2026.04.01	01:48:12.905	158.731	158.732			6
2026.04.01	01:48:14.409	158.730	158.731			6
2026.04.01	01:48:19.515	158.731	158.732			6
2026.04.01	01:48:22.218	158.732	158.733			6
2026.04.01	01:48:23.119	158.731	158.732			6
2026.04.01	01:48:23.420	158.732	158.733			6
2026.04.01	01:48:25.223	158.731	158.732			6
2026.04.01	01:48:33.338	158.732	158.733			6
2026.04.01	01:48:36.352	158.742	158.743			6
2026.04.01	01:48:36.650	158.743	158.744			6
2026.04.01	01:48:36.951	158.744	158.745			6
2026.04.01	01:48:37.250	158.743	158.744			6
2026.04.01	01:48:37.550	158.746	158.747			6
2026.04.01	01:48:38.753	158.745	158.746			6
2026.04.01	01:48:39.349	158.744	158.745			6
2026.04.01	01:48:39.654	158.745	158.746			6
2026.04.01	01:48:39.952	158.744	158.745			6
2026.04.01	01:48:40.853	158.733	158.734			6
2026.04.01	01:48:42.355	158.732	158.733			6
2026.04.01	01:48:48.067	158.737	158.738			6
2026.04.01	01:48:48.368	158.738	158.739			6
2026.04.01	01:49:00.082	158.738				2
2026.04.01	01:49:02.184	158.734	158.735			6
2026.04.01	01:49:02.483	158.733	158.734			6
2026.04.01	01:49:02.785	158.732	158.733			6
2026.04.01	01:49:15.703	158.731	158.732			6
2026.04.01	01:49:27.721	158.736	158.737			6
2026.04.01	01:49:28.025	158.733	158.734			6
2026.04.01	01:49:28.621	158.732	158.733			6
2026.04.01	01:49:36.139	158.733	158.734			6
2026.04.01	01:49:36.738	158.732	158.733			6
2026.04.01	01:49:37.039	158.733	158.734			6
2026.04.01	01:49:37.338	158.732	158.733			6
2026.04.01	01:49:37.938	158.733	158.734			6
2026.04.01	01:49:38.539	158.732	158.733			6
2026.04.01	01:50:00.163	158.732				2
2026.04.01	01:50:05.569	158.731	158.732			6
2026.04.01	01:50:05.870	158.732	158.733			6
2026.04.01	01:50:08.584	158.731	158.732			6
2026.04.01	01:50:08.879	158.732	158.733			6
2026.04.01	01:50:18.794	158.731	158.732			6
2026.04.01	01:50:19.086	158.732	158.733			6
2026.04.01	01:50:31.407	158.731	158.732			6
2026.04.01	01:50:32.003	158.730	158.731			6
2026.04.01	01:50:32.309	158.731	158.732			6
2026.04.01	01:50:32.605	158.730	158.731			6
2026.04.01	01:50:33.209	158.731	158.732			6
2026.04.01	01:50:34.105	158.730	158.731			6
2026.04.01	01:50:34.707	158.731	158.732			6
2026.04.01	01:50:35.011	158.730	158.731			6
2026.04.01	01:50:35.313	158.731	158.732			6
2026.04.01	01:50:35.613	158.730	158.731			6
2026.04.01	01:50:36.220	158.731	158.732			6
2026.04.01	01:50:36.519	158.729	158.730			6
2026.04.01	01:50:36.817	158.730	158.731			6
2026.04.01	01:50:41.927	158.729	158.730			6
2026.04.01	01:50:49.744	158.730	158.731			6
2026.04.01	01:51:00.267	158.730				2
2026.04.01	01:51:49.891		158.731			4
2026.04.01	01:52:00.119	158.730				2
2026.04.01	01:52:43.115	158.729	158.730			6
2026.04.01	01:52:43.415	158.730	158.731			6
2026.04.01	01:53:00.246	158.730				2
2026.04.01	01:53:39.647	158.729	158.730			6
2026.04.01	01:53:54.365	158.730	158.731			6
2026.04.01	01:53:54.964	158.729	158.730			6
2026.04.01	01:53:57.368	158.730	158.731			6
2026.04.01	01:53:57.971	158.732	158.733			6
2026.04.01	01:53:59.478	158.730	158.731			6
2026.04.01	01:54:00.080	158.729	158.730			6
2026.04.01	01:54:10.906	158.730	158.731			6
2026.04.01	01:54:13.310	158.731	158.732			6
2026.04.01	01:54:13.913	158.730	158.731			6
2026.04.01	01:54:26.253	158.731	158.732			6
2026.04.01	01:54:30.164	158.730	158.731			6
2026.04.01	01:54:32.571	158.732	158.733			6
2026.04.01	01:54:32.873	158.731	158.732			6
2026.04.01	01:54:37.986	158.730	158.731			6
2026.04.01	01:54:42.796	158.731	158.732			6
2026.04.01	01:54:44.904	158.732	158.733			6
2026.04.01	01:54:45.203	158.733	158.734			6
2026.04.01	01:54:48.205	158.734	158.735			6
2026.04.01	01:54:53.934	158.733	158.734			6
2026.04.01	01:54:59.046	158.734	158.735			6
2026.04.01	01:55:00.248	158.734				2
2026.04.01	01:55:05.051	158.733	158.734			6
2026.04.01	01:55:07.758	158.731	158.732			6
2026.04.01	01:55:08.357	158.733	158.734			6
2026.04.01	01:55:16.166	158.731	158.732			6
2026.04.01	01:55:36.615	158.730	158.731			6
2026.04.01	01:55:45.935	158.731	158.732			6
2026.04.01	01:55:52.247	158.732	158.733			6
2026.04.01	01:55:52.547	158.731	158.732			6
2026.04.01	01:55:55.255	158.730	158.731			6
2026.04.01	01:55:55.557	158.731	158.732			6
2026.04.01	01:55:55.858	158.730	158.731			6
2026.04.01	01:55:59.169	158.731	158.732			6
2026.04.01	01:56:00.071	158.731				2
2026.04.01	01:56:01.272	158.732	158.733			6
2026.04.01	01:56:02.773	158.733	158.734			6
2026.04.01	01:56:03.372	158.732	158.733			6
2026.04.01	01:56:04.577	158.733	158.734			6
2026.04.01	01:56:08.794	158.732	158.733			6
2026.04.01	01:56:11.799	158.733	158.734			6
2026.04.01	01:56:12.101	158.732	158.733			6
2026.04.01	01:56:12.704	158.733	158.734			6
2026.04.01	01:56:13.004	158.732	158.733			6
2026.04.01	01:56:13.909	158.731	158.732			6
2026.04.01	01:56:15.109	158.732	158.733			6
2026.04.01	01:56:19.320	158.733	158.734			6
2026.04.01	01:56:19.617	158.732	158.733			6
2026.04.01	01:56:19.920	158.733	158.734			6
2026.04.01	01:56:21.120	158.732	158.733			6
2026.04.01	01:56:26.530	158.733	158.734			6
2026.04.01	01:56:26.825	158.732	158.733			6
2026.04.01	01:56:27.430	158.733	158.734			6
2026.04.01	01:56:28.333	158.732	158.733			6
2026.04.01	01:56:28.937	158.733	158.734			6
2026.04.01	01:56:29.239	158.732	158.733			6
2026.04.01	01:56:49.673	158.731	158.732			6
2026.04.01	01:56:52.383	158.732	158.733			6
2026.04.01	01:56:53.587	158.733	158.734			6
2026.04.01	01:56:53.882	158.732	158.733			6
2026.04.01	01:56:54.488	158.733	158.734			6
2026.04.01	01:56:55.384	158.732	158.733			6
2026.04.01	01:56:57.487	158.733	158.734			6
2026.04.01	01:56:58.090	158.732	158.733			6
2026.04.01	01:56:58.691	158.733	158.734			6
2026.04.01	01:56:58.992	158.732	158.733			6
2026.04.01	01:57:00.196	158.732				2
2026.04.01	01:57:00.497	158.733	158.734			6
2026.04.01	01:57:00.799	158.732	158.733			6
2026.04.01	01:57:01.097	158.733	158.734			6
2026.04.01	01:57:01.398	158.732	158.733			6
2026.04.01	01:57:02.298	158.731	158.732			6
2026.04.01	01:57:02.901	158.732	158.733			6
2026.04.01	01:57:03.504	158.731	158.732			6
2026.04.01	01:57:04.406	158.732	158.733			6
2026.04.01	01:57:05.007	158.731	158.732			6
2026.04.01	01:57:05.912	158.732	158.733			6
2026.04.01	01:57:06.215	158.731	158.732			6
2026.04.01	01:57:06.514	158.732	158.733			6
