<DATE>	<TIME>	<BID>	<ASK>	<LAST>	<VOLUME>	<FLAGS>
2026.02.23	00:03:31.005	154.848	154.934			6
2026.02.23	00:04:00.289	154.848				2
2026.02.23	00:04:00.596	154.847				2
2026.02.23	00:04:02.445	154.848				2
2026.02.23	00:04:31.030		154.934			4
2026.02.23	00:05:00.257	154.848				2
2026.02.23	00:05:02.112	154.854				2
2026.02.23	00:05:06.452		154.996			4
2026.02.23	00:05:13.253	154.851	154.998			6
2026.02.23	00:06:00.136	154.851				2
2026.02.23	00:06:13.379		154.998			4
2026.02.23	00:06:37.162	154.856	155.000			6
2026.02.23	00:07:00.290	154.856				2
2026.02.23	00:07:37.314		155.000			4
2026.02.23	00:08:00.128	154.856				2
2026.02.23	00:08:37.365		155.000			4
2026.02.23	00:08:53.391		154.999			4
2026.02.23	00:09:00.138	154.856				2
2026.02.23	00:09:01.986		155.000			4
2026.02.23	00:09:05.378		154.999			4
2026.02.23	00:09:10.595		155.000			4
2026.02.23	00:09:13.986		154.999			4
2026.02.23	00:09:19.513		155.000			4
2026.02.23	00:09:20.737		154.999			4
2026.02.23	00:09:21.354		155.000			4
2026.02.23	00:09:35.479	154.859	154.999			6
2026.02.23	00:09:39.763	154.883	154.994			6
2026.02.23	00:09:42.834		154.996			4
2026.02.23	00:09:43.146		154.995			4
2026.02.23	00:09:54.177		154.997			4
2026.02.23	00:09:56.939		154.996			4
2026.02.23	00:10:00.001	154.883				2
2026.02.23	00:10:03.075		154.998			4
2026.02.23	00:10:07.985		154.997			4
2026.02.23	00:10:15.050		154.998			4
2026.02.23	00:10:17.809		154.999			4
2026.02.23	00:10:23.034		155.000			4
2026.02.23	00:11:00.302	154.883				2
2026.02.23	00:11:23.152		155.000			4
2026.02.23	00:12:00.164	154.883				2
2026.02.23	00:12:23.321		155.000			4
2026.02.23	00:12:36.302		154.999			4
2026.02.23	00:12:49.277		154.998			4
2026.02.23	00:12:56.686		154.999			4
2026.02.23	00:12:58.536		154.998			4
2026.02.23	00:13:00.078	154.883				2
2026.02.23	00:13:00.380		154.999			4
2026.02.23	00:13:01.624		154.998			4
2026.02.23	00:13:43.801		155.000			4
2026.02.23	00:14:00.192	154.883				2
2026.02.23	00:14:18.717		154.997			4
2026.02.23	00:14:21.802		154.999			4
2026.02.23	00:14:25.196		155.000			4
2026.02.23	00:15:00.135	154.883				2
2026.02.23	00:15:00.760		154.999			4
2026.02.23	00:15:01.689		155.000			4
2026.02.23	00:15:04.158		154.999			4
2026.02.23	00:15:06.628		155.000			4
2026.02.23	00:15:31.619		154.998			4
2026.02.23	00:15:34.392		154.999			4
2026.02.23	00:15:36.856		155.000			4
2026.02.23	00:15:38.394		154.999			4
2026.02.23	00:15:39.625		155.000			4
2026.02.23	00:16:00.304	154.883				2
2026.02.23	00:16:07.409	154.880	154.999			6
2026.02.23	00:16:07.726		155.000			4
2026.02.23	00:16:08.339	154.883				2
2026.02.23	00:16:13.277		154.999			4
2026.02.23	00:16:27.478		155.000			4
2026.02.23	00:16:43.234		154.999			4
2026.02.23	00:17:00.216	154.883				2
2026.02.23	00:17:09.158		155.000			4
2026.02.23	00:17:13.828		154.998			4
2026.02.23	00:17:18.796		154.995			4
2026.02.23	00:17:42.913		154.996			4
2026.02.23	00:17:53.071		154.997			4
2026.02.23	00:17:58.588		154.992			4
2026.02.23	00:18:00.124	154.883				2
2026.02.23	00:18:05.375		154.993			4
2026.02.23	00:19:00.274	154.883				2
2026.02.23	00:19:00.585		155.000			4
2026.02.23	00:19:01.822	154.955				2
2026.02.23	00:19:07.026	154.966				2
2026.02.23	00:19:27.870	154.956				2
2026.02.23	00:19:32.790	154.957				2
2026.02.23	00:20:00.054	154.957				2
2026.02.23	00:20:00.662		155.000			4
2026.02.23	00:20:08.951	154.959				2
2026.02.23	00:20:14.171	154.957				2
2026.02.23	00:20:20.000	154.958				2
2026.02.23	00:20:36.265	154.960				2
2026.02.23	00:20:44.544	154.959				2
2026.02.23	00:20:48.249	154.958				2
2026.02.23	00:20:48.556	154.959				2
2026.02.23	00:20:49.477	154.960				2
2026.02.23	00:20:52.545	154.959				2
2026.02.23	00:21:00.196	154.959				2
2026.02.23	00:21:00.815		155.000			4
2026.02.23	00:21:04.518	154.957				2
2026.02.23	00:21:14.392	154.956				2
2026.02.23	00:21:47.012	154.945	155.001			6
2026.02.23	00:21:47.315	154.946				2
2026.02.23	00:21:48.246	154.947				2
2026.02.23	00:21:49.170		154.996			4
2026.02.23	00:22:00.268	154.947				2
2026.02.23	00:22:14.450	154.946				2
2026.02.23	00:22:22.473	154.945				2
2026.02.23	00:22:25.861	154.943				2
2026.02.23	00:22:26.480	154.940				2
2026.02.23	00:22:31.425	154.938				2
2026.02.23	00:22:33.596	154.935				2
2026.02.23	00:22:38.571	154.936				2
2026.02.23	00:22:46.609	154.935				2
2026.02.23	00:22:46.916	154.937				2
2026.02.23	00:22:47.235	154.935				2
2026.02.23	00:22:49.419		154.996			4
2026.02.23	00:22:50.339	154.929				2
2026.02.23	00:22:54.343	154.930				2
2026.02.23	00:22:55.582	154.932				2
2026.02.23	00:22:56.820	154.933				2
2026.02.23	00:22:57.126	154.932				2
2026.02.23	00:23:00.241	154.923				2
2026.02.23	00:23:02.083	154.925				2
2026.02.23	00:23:14.111	154.922				2
2026.02.23	00:23:47.124	154.921				2
2026.02.23	00:23:48.057	154.915				2
2026.02.23	00:23:48.983	154.914				2
2026.02.23	00:23:49.604		154.996			4
2026.02.23	00:23:50.527	154.915				2
2026.02.23	00:23:54.238	154.909				2
2026.02.23	00:23:54.545	154.915				2
2026.02.23	00:23:54.854	154.909				2
2026.02.23	00:23:55.159	154.915				2
2026.02.23	00:24:00.107	154.916				2
2026.02.23	00:24:05.050	154.915				2
2026.02.23	00:24:10.289	154.909	155.000			6
2026.02.23	00:24:24.479	154.910				2
2026.02.23	00:24:30.970	154.913				2
2026.02.23	00:24:35.903	154.911				2
2026.02.23	00:24:36.209	154.914				2
2026.02.23	00:24:36.520	154.915	154.993			6
2026.02.23	00:24:36.822	154.912				2
2026.02.23	00:24:37.131	154.914				2
2026.02.23	00:24:43.581	154.912	155.001			6
2026.02.23	00:25:00.257	154.913				2
2026.02.23	00:25:12.013	154.909				2
2026.02.23	00:25:27.133		155.000			4
2026.02.23	00:25:56.171	154.910	154.995			6
2026.02.23	00:25:56.484	154.911	154.994			6
2026.02.23	00:25:57.097	154.909	155.000			6
2026.02.23	00:25:57.714	154.908	154.996			6
2026.02.23	00:25:58.027	154.912	154.999			6
2026.02.23	00:26:00.198	154.913				2
2026.02.23	00:26:01.128	154.912	154.994			6
2026.02.23	00:26:04.835	154.913				2
2026.02.23	00:26:08.236	154.916				2
2026.02.23	00:26:16.257	154.914				2
2026.02.23	00:26:16.572	154.915				2
2026.02.23	00:26:21.209		154.996			4
2026.02.23	00:26:23.981		154.994			4
2026.02.23	00:26:30.788	154.914	155.000			6
2026.02.23	00:26:42.228	154.916				2
2026.02.23	00:26:57.955	154.915				2
2026.02.23	00:27:00.115	154.915				2
2026.02.23	00:27:04.744	154.916				2
2026.02.23	00:27:10.595	154.897				2
2026.02.23	00:27:13.668	154.916				2
2026.02.23	00:27:17.662	154.917				2
2026.02.23	00:27:30.563	154.918				2
2026.02.23	00:27:30.873		155.000			4
2026.02.23	00:27:54.571	154.919				2
2026.02.23	00:28:00.106	154.917				2
2026.02.23	00:28:06.254	154.919				2
2026.02.23	00:28:16.728	154.917				2
2026.02.23	00:28:26.602	154.916				2
2026.02.23	00:28:30.911		155.000			4
2026.02.23	00:28:49.130	154.917				2
2026.02.23	00:28:57.450	154.919				2
2026.02.23	00:29:00.219	154.919				2
2026.02.23	00:29:02.680	154.916				2
2026.02.23	00:29:11.641	154.915				2
2026.02.23	00:29:30.766	154.916				2
2026.02.23	00:29:31.072		155.000			4
2026.02.23	00:29:34.778	154.917				2
2026.02.23	00:29:50.488	154.918				2
2026.02.23	00:30:00.056	154.918				2
2026.02.23	00:30:02.519	154.916				2
2026.02.23	00:30:06.537	154.914				2
2026.02.23	00:30:07.460	154.915				2
2026.02.23	00:30:08.383	154.913				2
2026.02.23	00:30:21.354	154.914				2
2026.02.23	00:30:22.892	154.916				2
2026.02.23	00:30:30.591	154.918				2
2026.02.23	00:30:31.211		155.000			4
2026.02.23	00:30:33.681	154.919				2
2026.02.23	00:30:33.989	154.910				2
2026.02.23	00:30:34.296	154.912				2
2026.02.23	00:30:34.598	154.911				2
2026.02.23	00:30:38.310	154.910				2
2026.02.23	00:30:38.932	154.911				2
2026.02.23	00:30:39.241	154.912				2
2026.02.23	00:30:40.792	154.911				2
2026.02.23	00:30:46.334	154.913				2
2026.02.23	00:30:47.564	154.912				2
2026.02.23	00:30:47.878	154.913				2
2026.02.23	00:30:58.983	154.912				2
2026.02.23	00:31:00.223	154.912				2
2026.02.23	00:31:03.622	154.913				2
2026.02.23	00:31:14.117	154.912				2
2026.02.23	00:31:30.422	154.908				2
2026.02.23	00:31:30.728	154.913				2
2026.02.23	00:31:31.036	154.912				2
2026.02.23	00:31:31.348		155.000			4
2026.02.23	00:31:40.305	154.907				2
2026.02.23	00:31:46.168	154.910				2
2026.02.23	00:31:50.805	154.907				2
2026.02.23	00:31:56.340	154.910				2
2026.02.23	00:32:00.041	154.910				2
2026.02.23	00:32:00.350	154.911				2
2026.02.23	00:32:01.275	154.908				2
2026.02.23	00:32:18.246	154.906				2
2026.02.23	00:32:30.579	154.903				2
2026.02.23	00:32:30.885	154.904				2
2026.02.23	00:32:31.502		155.000			4
2026.02.23	00:32:47.241	154.906				2
2026.02.23	00:32:57.422	154.905				2
2026.02.23	00:33:00.196	154.905				2
2026.02.23	00:33:27.352	154.906				2
2026.02.23	00:33:30.750	154.909				2
2026.02.23	00:33:31.673		155.000			4
2026.02.23	00:33:44.025	154.908				2
2026.02.23	00:33:50.801	154.906				2
2026.02.23	00:33:56.325	154.907				2
2026.02.23	00:34:00.021	154.907				2
2026.02.23	00:34:03.097	154.908				2
2026.02.23	00:34:14.523	154.907				2
2026.02.23	00:34:19.753	154.909				2
2026.02.23	00:34:26.855	154.910				2
2026.02.23	00:34:27.162	154.909				2
2026.02.23	00:34:28.708	154.908				2
2026.02.23	00:34:30.555	154.903				2
2026.02.23	00:34:31.781		155.000			4
2026.02.23	00:34:50.902	154.905				2
2026.02.23	00:34:56.177	154.906				2
2026.02.23	00:35:00.185	154.906				2
2026.02.23	00:35:20.864	154.907				2
2026.02.23	00:35:30.777	154.908				2
2026.02.23	00:35:32.016		155.000			4
2026.02.23	00:35:35.725	154.909				2
2026.02.23	00:35:46.240	154.910				2
2026.02.23	00:35:50.881	154.912				2
2026.02.23	00:36:00.166	154.913				2
2026.02.23	00:36:11.600	154.911				2
2026.02.23	00:36:20.556	154.910				2
2026.02.23	00:36:24.571	154.912				2
2026.02.23	00:36:25.188	154.911				2
2026.02.23	00:36:26.423	154.912				2
2026.02.23	00:36:30.109	154.910				2
2026.02.23	00:36:30.730	154.909				2
2026.02.23	00:36:31.654	154.911				2
2026.02.23	00:36:32.273		155.000			4
2026.02.23	00:36:39.049	154.910				2
2026.02.23	00:36:51.079	154.912				2
2026.02.23	00:36:57.255	154.911				2
2026.02.23	00:37:00.031	154.911				2
2026.02.23	00:37:00.343	154.912				2
2026.02.23	00:37:10.212	154.913				2
2026.02.23	00:37:11.449	154.914				2
2026.02.23	00:37:30.554	154.912				2
2026.02.23	00:37:30.864	154.914				2
2026.02.23	00:37:32.409		155.000			4
2026.02.23	00:37:44.435	154.909				2
2026.02.23	00:37:47.826	154.915				2
2026.02.23	00:37:50.621	154.913				2
2026.02.23	00:37:57.435	154.914				2
2026.02.23	00:38:00.216	154.914				2
2026.02.23	00:38:23.654	154.915				2
2026.02.23	00:38:32.601		155.000			4
2026.02.23	00:38:33.527	154.918				2
2026.02.23	00:38:51.106	154.913				2
2026.02.23	00:38:51.425	154.912				2
2026.02.23	00:39:00.076	154.912				2
2026.02.23	00:39:00.380	154.913				2
2026.02.23	00:39:30.617	154.915				2
2026.02.23	00:39:30.925	154.914				2
2026.02.23	00:39:31.234	154.913				2
2026.02.23	00:39:31.540	154.914				2
2026.02.23	00:39:32.776		155.000			4
2026.02.23	00:39:50.976	154.916				2
2026.02.23	00:40:00.221	154.916				2
2026.02.23	00:40:00.529	154.909	154.996			6
2026.02.23	00:40:00.836	154.912				2
2026.02.23	00:40:10.393	154.909				2
2026.02.23	00:40:15.629	154.913	155.000			6
2026.02.23	00:40:16.550	154.916				2
2026.02.23	00:40:44.306	154.914				2
2026.02.23	00:40:53.230	154.915				2
2026.02.23	00:41:00.023	154.915				2
2026.02.23	00:41:09.583	154.916				2
2026.02.23	00:41:10.197	154.914				2
2026.02.23	00:41:12.054	154.915				2
2026.02.23	00:41:14.504	154.913				2
2026.02.23	00:41:15.431	154.912				2
2026.02.23	00:41:15.738		155.000			4
2026.02.23	00:41:20.979	154.914				2
2026.02.23	00:41:21.901	154.910				2
2026.02.23	00:41:28.387	154.911				2
2026.02.23	00:41:32.093	154.909				2
2026.02.23	00:41:48.158	154.908				2
2026.02.23	00:41:57.134	154.910				2
2026.02.23	00:42:00.221	154.910				2
2026.02.23	00:42:11.644	154.912				2
2026.02.23	00:42:15.051	154.906				2
2026.02.23	00:42:15.658	154.907				2
2026.02.23	00:42:15.980		155.000			4
2026.02.23	00:42:19.990	154.906				2
2026.02.23	00:42:25.857	154.907				2
2026.02.23	00:42:45.656	154.909				2
2026.02.23	00:42:50.890	154.908				2
2026.02.23	00:42:51.513	154.909				2
2026.02.23	00:42:52.750	154.908				2
2026.02.23	00:42:57.383	154.909				2
2026.02.23	00:43:00.163	154.910				2
2026.02.23	00:43:14.344	154.912				2
2026.02.23	00:43:15.580	154.910				2
2026.02.23	00:43:15.887	154.912				2
2026.02.23	00:43:16.195		155.000			4
2026.02.23	00:43:19.279	154.910				2
2026.02.23	00:43:53.800	154.911				2
2026.02.23	00:43:55.644	154.909				2
2026.02.23	00:44:00.283	154.911				2
2026.02.23	00:44:14.165	154.908				2
2026.02.23	00:44:15.710	154.910				2
2026.02.23	00:44:16.330	154.909	155.000			6
2026.02.23	00:44:21.271	154.910				2
2026.02.23	00:44:21.580	154.908				2
2026.02.23	00:44:28.361	154.911				2
2026.02.23	00:44:34.533	154.913				2
2026.02.23	00:44:35.763	154.908				2
2026.02.23	00:44:38.544	154.907				2
2026.02.23	00:44:43.771	154.906				2
2026.02.23	00:44:51.468	154.905				2
2026.02.23	00:45:00.117	154.903				2
2026.02.23	00:45:00.425	154.905				2
2026.02.23	00:45:02.890		155.016			4
2026.02.23	00:45:06.601		155.000			4
2026.02.23	00:45:15.665	154.907				2
2026.02.23	00:45:25.850	154.906				2
2026.02.23	00:45:26.158	154.904				2
2026.02.23	00:45:39.447	154.906				2
2026.02.23	00:45:39.761	154.905				2
2026.02.23	00:45:57.397	154.904				2
2026.02.23	00:45:58.023	154.903				2
2026.02.23	00:45:58.647	154.902				2
2026.02.23	00:45:59.270	154.901				2
2026.02.23	00:46:00.206	154.901				2
2026.02.23	00:46:00.515	154.900				2
2026.02.23	00:46:01.132	154.899				2
2026.02.23	00:46:01.451	154.898				2
2026.02.23	00:46:02.379	154.897				2
2026.02.23	00:46:03.623	154.896				2
2026.02.23	00:46:04.877	154.895				2
2026.02.23	00:46:06.728	154.894	155.000			6
2026.02.23	00:46:07.352		154.999			4
2026.02.23	00:46:07.977		154.998			4
2026.02.23	00:46:08.291		154.997			4
2026.02.23	00:46:08.600		154.996			4
2026.02.23	00:46:09.220	154.893	154.995			6
2026.02.23	00:46:09.839		154.994			4
2026.02.23	00:46:10.457		154.993			4
2026.02.23	00:46:11.079		154.992			4
2026.02.23	00:46:11.717		154.991			4
2026.02.23	00:46:12.023	154.894				2
2026.02.23	00:46:12.643		154.990			4
2026.02.23	00:46:13.573		154.989			4
2026.02.23	00:46:14.500	154.898	154.982			6
2026.02.23	00:46:15.427	154.894	154.983			6
2026.02.23	00:46:15.735	154.892				2
2026.02.23	00:46:16.045	154.893				2
2026.02.23	00:46:16.654	154.894	154.984			6
2026.02.23	00:46:22.855	154.893				2
2026.02.23	00:46:33.970	154.889	154.983			6
2026.02.23	00:46:34.273	154.894	154.982			6
2026.02.23	00:46:34.580	154.895	154.983			6
2026.02.23	00:46:35.202	154.896	154.981			6
2026.02.23	00:46:35.517	154.895	154.980			6
2026.02.23	00:46:37.978	154.894				2
2026.02.23	00:46:38.602	154.895				2
2026.02.23	00:46:39.224	154.896				2
2026.02.23	00:46:40.458	154.897				2
2026.02.23	00:46:42.925	154.898				2
2026.02.23	00:46:45.406	154.897				2
2026.02.23	00:46:46.025	154.898				2
2026.02.23	00:46:46.645		154.979			4
2026.02.23	00:46:56.829	154.896	154.980			6
2026.02.23	00:46:57.445	154.899	154.979			6
2026.02.23	00:46:57.756		154.982			4
2026.02.23	00:46:58.063	154.898	154.981			6
2026.02.23	00:46:58.372		154.979			4
2026.02.23	00:46:58.984		154.980			4
2026.02.23	00:46:59.297	154.897				2
2026.02.23	00:46:59.604	154.898				2
2026.02.23	00:47:00.215	154.899				2
2026.02.23	00:47:01.757	154.897	154.981			6
2026.02.23	00:47:02.995		154.988			4
2026.02.23	00:47:04.539	154.899	154.989			6
2026.02.23	00:47:04.848	154.897	154.987			6
2026.02.23	00:47:05.159	154.898	154.988			6
2026.02.23	00:47:05.467		154.989			4
2026.02.23	00:47:05.772		154.988			4
2026.02.23	00:47:06.389	154.899	154.981			6
2026.02.23	00:47:06.692	154.898	154.982			6
2026.02.23	00:47:07.007	154.900	154.981			6
2026.02.23	00:47:07.623	154.901	154.979			6
2026.02.23	00:47:09.780	154.899				2
2026.02.23	00:47:11.324	154.902				2
2026.02.23	00:47:11.632	154.899				2
2026.02.23	00:47:12.251	154.902	154.978			6
2026.02.23	00:47:12.555	154.900				2
2026.02.23	00:47:12.862	154.901				2
2026.02.23	00:47:13.477	154.902				2
2026.02.23	00:47:14.410	154.899				2
2026.02.23	00:47:18.115	154.900	154.983			6
2026.02.23	00:47:18.419	154.901	154.980			6
2026.02.23	00:47:18.737	154.903	154.977			6
2026.02.23	00:47:19.048	154.902	154.978			6
2026.02.23	00:47:19.987		154.977			4
2026.02.23	00:47:20.305	154.903				2
2026.02.23	00:47:20.619	154.889	154.976			6
2026.02.23	00:47:20.935	154.890	154.980			6
2026.02.23	00:47:21.238	154.895				2
2026.02.23	00:47:21.553	154.898				2
2026.02.23	00:47:21.864	154.899				2
2026.02.23	00:47:22.486	154.900				2
2026.02.23	00:47:23.411	154.903	154.979			6
2026.02.23	00:47:23.726	154.904				2
2026.02.23	00:47:24.338	154.902				2
2026.02.23	00:47:24.651	154.900	154.980			6
2026.02.23	00:47:24.957	154.902				2
2026.02.23	00:47:25.259	154.903				2
2026.02.23	00:47:25.576	154.901	154.979			6
2026.02.23	00:47:27.129	154.904				2
2026.02.23	00:47:27.743	154.900	154.980			6
2026.02.23	00:47:28.357		154.979			4
2026.02.23	00:47:28.667	154.903	154.983			6
2026.02.23	00:47:29.289	154.904				2
2026.02.23	00:47:31.153	154.903				2
2026.02.23	00:47:31.464	154.904	154.979			6
2026.02.23	00:47:31.780	154.903				2
2026.02.23	00:47:32.710	154.906	154.978			6
2026.02.23	00:47:33.020		154.980			4
2026.02.23	00:47:33.646	154.904				2
2026.02.23	00:47:33.962	154.910				2
2026.02.23	00:47:34.582		154.979			4
2026.02.23	00:47:35.816	154.916	154.985			6
2026.02.23	00:47:36.123	154.915				2
2026.02.23	00:47:36.435	154.917	154.978			6
2026.02.23	00:47:36.744	154.916	154.979			6
2026.02.23	00:47:37.661	154.917	154.978			6
2026.02.23	00:47:37.972	154.918				2
2026.02.23	00:47:38.595	154.917				2
2026.02.23	00:47:40.429	154.920	154.980			6
2026.02.23	00:47:41.040		154.983			4
2026.02.23	00:47:42.584	154.917				2
2026.02.23	00:47:43.194	154.918				2
2026.02.23	00:47:43.501	154.919	154.981			6
2026.02.23	00:47:43.808	154.920	154.980			6
2026.02.23	00:47:44.120	154.918				2
2026.02.23	00:47:44.424	154.917				2
2026.02.23	00:47:44.730		154.979			4
2026.02.23	00:47:45.034	154.916				2
2026.02.23	00:47:45.644	154.917	154.980			6
2026.02.23	00:47:46.565	154.915				2
2026.02.23	00:47:47.800	154.914				2
2026.02.23	00:47:48.723	154.916				2
2026.02.23	00:47:49.034	154.915				2
2026.02.23	00:47:49.343	154.917				2
2026.02.23	00:47:52.732	154.918				2
2026.02.23	00:47:53.345	154.921	154.978			6
2026.02.23	00:47:53.651	154.926	154.979			6
2026.02.23	00:47:53.961	154.922	154.982			6
2026.02.23	00:47:54.263	154.924				2
2026.02.23	00:47:54.879		154.983			4
2026.02.23	00:47:56.719		154.982			4
2026.02.23	00:47:57.026	154.925				2
2026.02.23	00:47:58.253	154.924				2
2026.02.23	00:47:58.553	154.923				2
2026.02.23	00:47:58.862	154.925				2
2026.02.23	00:47:59.170	154.924				2
2026.02.23	00:47:59.472	154.925				2
2026.02.23	00:47:59.778	154.924	154.981			6
2026.02.23	00:48:00.079	154.923	154.984			6
2026.02.23	00:48:01.599		154.983			4
2026.02.23	00:48:03.116	154.925				2
2026.02.23	00:48:04.653		154.982			4
2026.02.23	00:48:05.573	154.924				2
2026.02.23	00:48:05.880	154.926	154.984			6
2026.02.23	00:48:06.184	154.924				2
2026.02.23	00:48:06.487	154.925				2
2026.02.23	00:48:07.727		154.983			4
2026.02.23	00:48:08.654	154.924				2
2026.02.23	00:48:10.196	154.925				2
2026.02.23	00:48:10.506		154.982			4
2026.02.23	00:48:13.269	154.926				2
2026.02.23	00:48:14.487	154.927				2
2026.02.23	00:48:15.106	154.926				2
2026.02.23	00:48:16.950	154.928				2
2026.02.23	00:48:17.562	154.927				2
2026.02.23	00:48:20.328	154.928				2
2026.02.23	00:48:21.860	154.929				2
2026.02.23	00:48:23.107	154.927				2
2026.02.23	00:48:23.727		154.981			4
2026.02.23	00:48:24.652	154.928	154.982			6
2026.02.23	00:48:26.824	154.929				2
2026.02.23	00:48:30.222	154.930				2
2026.02.23	00:48:31.144	154.929	154.983			6
2026.02.23	00:48:31.450	154.928				2
2026.02.23	00:48:34.540	154.929				2
2026.02.23	00:48:35.779	154.928				2
2026.02.23	00:48:36.083	154.929				2
2026.02.23	00:48:44.431	154.930				2
2026.02.23	00:48:44.744	154.929	154.982			6
2026.02.23	00:48:45.654	154.930	154.984			6
2026.02.23	00:48:45.957		154.977			4
2026.02.23	00:48:46.277	154.928	154.979			6
2026.02.23	00:48:46.577	154.929				2
2026.02.23	00:48:46.880	154.934	154.980			6
2026.02.23	00:48:47.800	154.931	154.982			6
2026.02.23	00:48:49.034	154.929				2
2026.02.23	00:48:50.273	154.930				2
2026.02.23	00:48:51.209	154.928	154.981			6
2026.02.23	00:48:51.513	154.929				2
2026.02.23	00:48:54.919	154.926				2
2026.02.23	00:48:56.771	154.928	154.980			6
2026.02.23	00:48:57.694		154.979			4
2026.02.23	00:48:58.314	154.927				2
2026.02.23	00:48:59.550	154.926				2
2026.02.23	00:48:59.864	154.927				2
2026.02.23	00:49:00.171	154.927				2
2026.02.23	00:49:02.639	154.930	154.980			6
2026.02.23	00:49:03.875	154.922	154.974			6
2026.02.23	00:49:04.179	154.927				2
2026.02.23	00:49:04.493	154.933	154.981			6
2026.02.23	00:49:04.798		154.982			4
2026.02.23	00:49:05.113	154.934				2
2026.02.23	00:49:05.735	154.933	154.984			6
2026.02.23	00:49:06.960	154.932	154.981			6
2026.02.23	00:49:07.273	154.931				2
2026.02.23	00:49:10.345		154.982			4
2026.02.23	00:49:11.272		154.981			4
2026.02.23	00:49:12.192	154.929	154.979			6
2026.02.23	00:49:12.504	154.932	154.982			6
2026.02.23	00:49:13.423	154.931				2
2026.02.23	00:49:13.733	154.932	154.981			6
2026.02.23	00:49:14.349		154.982			4
2026.02.23	00:49:15.272	154.929	154.975			6
2026.02.23	00:49:15.585	154.928	154.982			6
2026.02.23	00:49:15.890	154.935	154.985			6
2026.02.23	00:49:16.513	154.933	154.987			6
2026.02.23	00:49:16.817	154.932	154.985			6
2026.02.23	00:49:18.041		154.986			4
2026.02.23	00:49:18.349	154.933				2
2026.02.23	00:49:18.658		154.985			4
2026.02.23	00:49:20.194	154.932				2
2026.02.23	00:49:21.433	154.933				2
2026.02.23	00:49:22.359	154.931				2
2026.02.23	00:49:22.670		154.984			4
2026.02.23	00:49:23.283	154.932				2
2026.02.23	00:49:23.588		154.983			4
2026.02.23	00:49:24.521		154.984			4
2026.02.23	00:49:26.376		154.983			4
2026.02.23	00:49:26.685	154.931				2
2026.02.23	00:49:28.535	154.932				2
2026.02.23	00:49:32.245	154.933				2
2026.02.23	00:49:32.863	154.932				2
2026.02.23	00:49:33.785	154.931	154.982			6
2026.02.23	00:49:36.255	154.930				2
2026.02.23	00:49:37.183	154.929				2
2026.02.23	00:49:39.337		154.977			4
2026.02.23	00:49:39.644	154.930	154.981			6
2026.02.23	00:49:40.872	154.932				2
2026.02.23	00:49:42.411	154.931				2
2026.02.23	00:49:43.334	154.930				2
2026.02.23	00:49:43.646	154.931				2
2026.02.23	00:49:44.261	154.930				2
2026.02.23	00:49:44.565	154.931				2
2026.02.23	00:49:45.180	154.930				2
2026.02.23	00:49:46.102	154.931				2
2026.02.23	00:49:47.028		154.980			4
2026.02.23	00:49:50.114	154.929				2
2026.02.23	00:49:50.425	154.931	154.981			6
2026.02.23	00:49:51.659		154.982			4
2026.02.23	00:49:53.520		154.981			4
2026.02.23	00:49:57.841	154.932				2
2026.02.23	00:49:58.463		154.982			4
2026.02.23	00:49:59.705		154.981			4
2026.02.23	00:50:00.012	154.932				2
2026.02.23	00:50:02.493	154.931				2
2026.02.23	00:50:02.802	154.933	154.983			6
2026.02.23	00:50:03.115	154.932				2
2026.02.23	00:50:04.045		154.982			4
2026.02.23	00:50:05.275		154.981			4
2026.02.23	00:50:06.202		154.982			4
2026.02.23	00:50:07.750		154.981			4
2026.02.23	00:50:08.063	154.930	154.980			6
2026.02.23	00:50:08.370	154.925	154.978			6
2026.02.23	00:50:08.672	154.930	154.976			6
2026.02.23	00:50:08.984	154.933	154.978			6
2026.02.23	00:50:09.293		154.983			4
2026.02.23	00:50:09.610	154.934	154.985			6
2026.02.23	00:50:10.532		154.984			4
2026.02.23	00:50:11.765	154.935	154.986			6
2026.02.23	00:50:12.076	154.934	154.985			6
2026.02.23	00:50:12.383	154.935				2
2026.02.23	00:50:13.007	154.937				2
2026.02.23	00:50:13.314	154.935				2
2026.02.23	00:50:14.243		154.984			4
2026.02.23	00:50:14.864	154.930	154.982			6
2026.02.23	00:50:15.177	154.935	154.984			6
2026.02.23	00:50:15.486	154.934				2
2026.02.23	00:50:18.577	154.935	154.983			6
2026.02.23	00:50:21.058		154.984			4
2026.02.23	00:50:21.367	154.936	154.985			6
2026.02.23	00:50:21.669	154.904	154.968			6
2026.02.23	00:50:21.978	154.902	154.967			6
2026.02.23	00:50:22.290		154.968			4
2026.02.23	00:50:22.600	154.915	154.965			6
2026.02.23	00:50:22.905	154.922	154.983			6
2026.02.23	00:50:23.212	154.932	154.982			6
2026.02.23	00:50:23.514	154.940	154.984			6
2026.02.23	00:50:24.454		154.986			4
2026.02.23	00:50:25.067	154.941	154.987			6
2026.02.23	00:50:25.690	154.938	154.988			6
2026.02.23	00:50:26.615	154.937	154.987			6
2026.02.23	00:50:27.231	154.938				2
2026.02.23	00:50:28.465		154.986			4
2026.02.23	00:50:28.771	154.937				2
2026.02.23	00:50:30.633	154.936	154.985			6
2026.02.23	00:50:33.102	154.937				2
2026.02.23	00:50:33.408	154.936	154.984			6
2026.02.23	00:50:33.718	154.939	154.986			6
2026.02.23	00:50:34.648		154.987			4
2026.02.23	00:50:35.568	154.937	154.986			6
2026.02.23	00:50:35.873	154.936	154.985			6
2026.02.23	00:50:36.181	154.937	154.986			6
2026.02.23	00:50:36.494		154.987			4
2026.02.23	00:50:36.802	154.940				2
2026.02.23	00:50:37.730	154.938				2
2026.02.23	00:50:38.039	154.939	154.988			6
2026.02.23	00:50:38.344	154.938	154.982			6
2026.02.23	00:50:38.658		154.983			4
2026.02.23	00:50:38.963	154.935	154.982			6
2026.02.23	00:50:39.270	154.931	154.980			6
2026.02.23	00:50:39.573	154.933	154.982			6
2026.02.23	00:50:39.877	154.939	154.985			6
2026.02.23	00:50:40.196	154.941	154.986			6
2026.02.23	00:50:40.508	154.934				2
2026.02.23	00:50:40.814	154.932				2
2026.02.23	00:50:41.127	154.933				2
2026.02.23	00:50:42.047		154.985			4
2026.02.23	00:50:42.663		154.986			4
2026.02.23	00:50:44.500	154.934				2
2026.02.23	00:50:44.815	154.933				2
2026.02.23	00:50:45.735	154.930	154.979			6
2026.02.23	00:50:46.038	154.931	154.984			6
2026.02.23	00:50:46.338	154.934	154.987			6
2026.02.23	00:50:46.641		154.985			4
2026.02.23	00:50:46.946	154.926				2
2026.02.23	00:50:47.264	154.929	154.984			6
2026.02.23	00:50:47.566	154.932				2
2026.02.23	00:50:47.872	154.931				2
2026.02.23	00:50:49.105	154.932				2
2026.02.23	00:50:51.561	154.931				2
2026.02.23	00:50:51.870	154.928				2
2026.02.23	00:50:52.483		154.983			4
2026.02.23	00:50:52.793	154.930				2
2026.02.23	00:50:53.101	154.929				2
2026.02.23	00:50:53.720	154.928	154.982			6
2026.02.23	00:50:54.027	154.929				2
2026.02.23	00:50:54.330	154.928				2
2026.02.23	00:50:58.023	154.929				2
2026.02.23	00:50:59.877	154.928				2
2026.02.23	00:51:00.191	154.928				2
2026.02.23	00:51:03.885	154.929				2
2026.02.23	00:51:04.192	154.930				2
2026.02.23	00:51:05.121	154.928				2
2026.02.23	00:51:05.432	154.933	154.984			6
2026.02.23	00:51:05.736	154.932	154.985			6
2026.02.23	00:51:06.043	154.931	154.979			6
2026.02.23	00:51:06.357		154.985			4
2026.02.23	00:51:06.662		154.983			4
2026.02.23	00:51:06.963	154.932				2
2026.02.23	00:51:09.117	154.931				2
2026.02.23	00:51:09.734		154.982			4
2026.02.23	00:51:11.281	154.930				2
2026.02.23	00:51:14.692		154.996			4
2026.02.23	00:51:15.313	154.931	154.997			6
2026.02.23	00:51:15.622		154.983			4
2026.02.23	00:51:21.484	154.936	154.982			6
2026.02.23	00:51:21.792	154.930	154.979			6
2026.02.23	00:51:22.100	154.926	154.981			6
2026.02.23	00:51:23.360		154.980			4
2026.02.23	00:51:27.066	154.920	154.973			6
2026.02.23	00:51:27.370	154.909	154.966			6
2026.02.23	00:51:27.683		154.968			4
2026.02.23	00:51:28.610	154.914	154.974			6
2026.02.23	00:51:28.916	154.920				2
2026.02.23	00:51:29.536		154.975			4
2026.02.23	00:51:29.842	154.921				2
2026.02.23	00:51:30.151		154.976			4
2026.02.23	00:51:30.771	154.922				2
2026.02.23	00:51:31.694	154.925	154.980			6
2026.02.23	00:51:32.794	154.926	154.985			6
2026.02.23	00:51:33.161	154.912	154.972			6
2026.02.23	00:51:33.464	154.924	154.979			6
2026.02.23	00:51:33.778	154.916	154.974			6
2026.02.23	00:51:34.697	154.918				2
2026.02.23	00:51:35.004	154.919				2
2026.02.23	00:51:35.935		154.975			4
2026.02.23	00:51:36.544	154.921				2
2026.02.23	00:51:36.877	154.926	154.979			6
2026.02.23	00:51:37.178	154.922	154.975			6
2026.02.23	00:51:37.481	154.919	154.976			6
2026.02.23	00:51:37.798	154.921	154.974			6
2026.02.23	00:51:38.124	154.919	154.976			6
2026.02.23	00:51:39.055	154.924	154.975			6
2026.02.23	00:51:40.363	154.926	154.978			6
2026.02.23	00:51:40.708		154.980			4
2026.02.23	00:51:41.180		154.979			4
2026.02.23	00:51:41.777		154.977			4
2026.02.23	00:51:44.150		154.976			4
2026.02.23	00:51:45.151		154.977			4
2026.02.23	00:51:46.351		154.979			4
2026.02.23	00:51:46.658		154.978			4
2026.02.23	00:51:49.369		154.975			4
2026.02.23	00:51:49.679	154.916	154.973			6
2026.02.23	00:51:49.980	154.917				2
2026.02.23	00:51:50.907	154.919				2
2026.02.23	00:51:51.211	154.918				2
2026.02.23	00:51:52.516	154.920	154.975			6
2026.02.23	00:51:52.954	154.922				2
2026.02.23	00:51:54.680	154.925	154.976			6
2026.02.23	00:51:56.667	154.922	154.973			6
2026.02.23	00:51:56.978	154.918	154.975			6
2026.02.23	00:51:57.279	154.911	154.970			6
2026.02.23	00:51:57.592	154.921	154.978			6
2026.02.23	00:51:57.898	154.923				2
2026.02.23	00:51:58.957	154.926				2
2026.02.23	00:52:00.362	154.919	154.977			6
2026.02.23	00:52:00.668	154.902	154.966			6
2026.02.23	00:52:00.976	154.906	154.967			6
2026.02.23	00:52:01.277	154.911	154.968			6
2026.02.23	00:52:01.593	154.916	154.972			6
2026.02.23	00:52:01.903	154.918	154.974			6
2026.02.23	00:52:03.434	154.920	154.975			6
2026.02.23	00:52:03.739	154.913	154.967			6
2026.02.23	00:52:04.057	154.910	154.969			6
2026.02.23	00:52:04.367	154.911	154.972			6
2026.02.23	00:52:04.677	154.912	154.970			6
2026.02.23	00:52:04.986	154.919	154.976			6
2026.02.23	00:52:05.289	154.918				2
2026.02.23	00:52:05.907	154.920				2
2026.02.23	00:52:06.222	154.919				2
2026.02.23	00:52:10.213	154.926				2
2026.02.23	00:52:10.550		154.977			4
2026.02.23	00:52:10.859		154.979			4
2026.02.23	00:52:11.162		154.978			4
2026.02.23	00:52:14.345		154.979			4
2026.02.23	00:52:21.379		154.978			4
2026.02.23	00:52:28.280		154.979			4
2026.02.23	00:52:31.180		154.978			4
2026.02.23	00:52:37.370	154.930	154.984			6
2026.02.23	00:52:37.678	154.918	154.974			6
2026.02.23	00:52:37.992	154.926	154.977			6
2026.02.23	00:52:43.262		154.983			4
2026.02.23	00:52:43.578		154.978			4
2026.02.23	00:52:43.879		154.979			4
2026.02.23	00:52:51.397		154.978			4
2026.02.23	00:53:00.683	154.926				2
2026.02.23	00:53:02.479		154.977			4
2026.02.23	00:53:08.463		154.976			4
2026.02.23	00:53:08.779	154.910	154.969			6
2026.02.23	00:53:09.092	154.903				2
2026.02.23	00:53:10.216		154.968			4
2026.02.23	00:53:10.795	154.914	154.969			6
2026.02.23	00:53:12.187		154.970			4
2026.02.23	00:53:13.274	154.916				2
2026.02.23	00:53:13.598	154.918				2
2026.02.23	00:53:16.373	154.916				2
2026.02.23	00:53:17.370	154.918				2
2026.02.23	00:53:37.827	154.916	154.969			6
2026.02.23	00:53:46.679	154.918	154.970			6
2026.02.23	00:53:47.625	154.916				2
2026.02.23	00:53:48.080		154.969			4
2026.02.23	00:53:52.975	154.917	154.972			6
2026.02.23	00:53:54.055	154.907	154.969			6
2026.02.23	00:53:54.356	154.905				2
2026.02.23	00:53:55.281		154.968			4
2026.02.23	00:53:55.795	154.914				2
2026.02.23	00:53:57.799	154.918	154.970			6
2026.02.23	00:53:58.127	154.917	154.969			6
2026.02.23	00:53:58.495	154.920	154.970			6
2026.02.23	00:53:59.179	154.907	154.966			6
2026.02.23	00:53:59.514	154.909	154.964			6
2026.02.23	00:53:59.817	154.906	154.963			6
2026.02.23	00:54:00.119	154.907	154.964			6
2026.02.23	00:54:00.442		154.967			4
2026.02.23	00:54:01.803	154.914	154.969			6
2026.02.23	00:54:02.797	154.919	154.968			6
2026.02.23	00:54:04.679	154.916				2
2026.02.23	00:54:09.371	154.919	154.967			6
2026.02.23	00:54:17.371	154.917				2
2026.02.23	00:54:20.550	154.919				2
2026.02.23	00:54:26.974	154.917				2
2026.02.23	00:54:31.892		154.970			4
2026.02.23	00:54:32.954	154.921	154.969			6
2026.02.23	00:54:42.990		154.968			4
2026.02.23	00:54:43.328	154.897	154.962			6
2026.02.23	00:54:43.631	154.906	154.964			6
2026.02.23	00:54:43.936	154.917	154.966			6
2026.02.23	00:54:44.239	154.919				2
2026.02.23	00:55:00.377	154.907				2
2026.02.23	00:55:00.678	154.904	154.963			6
2026.02.23	00:55:06.700		154.964			4
2026.02.23	00:55:10.131		154.963			4
2026.02.23	00:55:12.981	154.906	154.965			6
2026.02.23	00:55:13.290		154.967			4
2026.02.23	00:55:14.828	154.905	154.968			6
2026.02.23	00:55:15.142	154.906	154.965			6
2026.02.23	00:55:26.703	154.903	154.962			6
2026.02.23	00:55:27.003	154.902				2
2026.02.23	00:55:27.496	154.903	154.963			6
2026.02.23	00:55:31.825	154.904	154.962			6
2026.02.23	00:55:32.198		154.963			4
2026.02.23	00:55:40.243	154.903	154.964			6
2026.02.23	00:55:42.172	154.904				2
2026.02.23	00:55:43.413	154.906	154.963			6
2026.02.23	00:55:44.535		154.964			4
2026.02.23	00:55:47.151	154.902				2
2026.02.23	00:55:47.461	154.897	154.959			6
2026.02.23	00:55:47.767		154.958			4
2026.02.23	00:55:49.626		154.959			4
2026.02.23	00:55:50.860	154.898	154.958			6
2026.02.23	00:55:51.176	154.894	154.959			6
2026.02.23	00:55:52.734	154.898	154.960			6
2026.02.23	00:55:54.645		154.959			4
2026.02.23	00:55:58.648	154.896	154.961			6
2026.02.23	00:55:58.957		154.960			4
2026.02.23	00:56:00.189	154.896				2
2026.02.23	00:56:01.429	154.899	154.961			6
2026.02.23	00:56:03.381		154.962			4
2026.02.23	00:56:06.719		154.961			4
2026.02.23	00:56:07.020		154.960			4
2026.02.23	00:56:07.331	154.896				2
2026.02.23	00:56:07.634		154.962			4
2026.02.23	00:56:07.941	154.898	154.960			6
2026.02.23	00:56:09.442		154.961			4
2026.02.23	00:56:09.807		154.962			4
2026.02.23	00:56:13.944		154.961			4
2026.02.23	00:56:14.554	154.897				2
2026.02.23	00:56:16.105	154.898				2
2026.02.23	00:56:16.412	154.896	154.960			6
2026.02.23	00:56:16.767		154.961			4
2026.02.23	00:56:17.070		154.960			4
2026.02.23	00:56:20.780	154.897				2
2026.02.23	00:56:23.864		154.961			4
2026.02.23	00:56:24.173		154.960			4
2026.02.23	00:56:24.794		154.961			4
2026.02.23	00:56:27.605	154.888	154.967			6
2026.02.23	00:56:27.919	154.887	154.968			6
2026.02.23	00:56:28.798	154.885				2
2026.02.23	00:56:31.587	154.889				2
2026.02.23	00:56:31.986	154.888	154.969			6
2026.02.23	00:56:32.307	154.887				2
2026.02.23	00:56:33.802	154.889	154.970			6
2026.02.23	00:56:35.666		154.971			4
2026.02.23	00:56:36.286	154.897				2
2026.02.23	00:56:36.904	154.900	154.976			6
2026.02.23	00:56:37.214	154.902				2
2026.02.23	00:56:37.518	154.903				2
2026.02.23	00:56:37.822	154.904				2
2026.02.23	00:56:38.750	154.901	154.973			6
2026.02.23	00:56:39.058	154.909				2
2026.02.23	00:56:39.365	154.915	154.975			6
2026.02.23	00:56:40.907		154.976			4
2026.02.23	00:56:43.998	154.916				2
2026.02.23	00:56:44.306	154.915				2
2026.02.23	00:56:46.463	154.916				2
2026.02.23	00:56:47.390	154.914	154.975			6
2026.02.23	00:56:47.696		154.976			4
2026.02.23	00:56:48.624	154.919	154.988			6
2026.02.23	00:56:48.932	154.920				2
2026.02.23	00:56:49.237	154.923				2
2026.02.23	00:56:49.543	154.920	154.989			6
2026.02.23	00:56:50.171	154.921				2
2026.02.23	00:56:50.479		154.990			4
2026.02.23	00:56:51.718	154.922				2
2026.02.23	00:56:52.950	154.923				2
2026.02.23	00:56:56.035	154.924				2
2026.02.23	00:56:57.883	154.925				2
2026.02.23	00:56:58.814	154.920	154.983			6
2026.02.23	00:56:59.424	154.921				2
2026.02.23	00:57:00.043	154.921				2
2026.02.23	00:57:00.349		154.982			4
2026.02.23	00:57:08.662	154.920	154.988			6
2026.02.23	00:57:08.970	154.923				2
2026.02.23	00:57:14.225	154.924				2
2026.02.23	00:57:16.697	154.926	154.991			6
2026.02.23	00:57:18.549	154.925	154.992			6
2026.02.23	00:57:18.854	154.891	154.966			6
2026.02.23	00:57:19.155	154.882	154.964			6
2026.02.23	00:57:20.092	154.883	154.963			6
2026.02.23	00:57:20.398	154.887	154.965			6
2026.02.23	00:57:20.706	154.892	154.966			6
2026.02.23	00:57:21.013	154.891	154.968			6
2026.02.23	00:57:21.423	154.894	154.979			6
2026.02.23	00:57:21.731	154.896	154.981			6
2026.02.23	00:57:22.036	154.895	154.979			6
2026.02.23	00:57:22.345		154.978			4
2026.02.23	00:57:23.271	154.896	154.979			6
2026.02.23	00:57:24.501		154.978			4
2026.02.23	00:57:24.819		154.979			4
2026.02.23	00:57:25.120	154.898				2
2026.02.23	00:57:25.428	154.897				2
2026.02.23	00:57:26.971	154.898	154.980			6
2026.02.23	00:57:29.738		154.973			4
2026.02.23	00:57:30.047	154.901				2
2026.02.23	00:57:30.664		154.974			4
2026.02.23	00:57:34.060	154.899				2
2026.02.23	00:57:35.293	154.904	154.975			6
2026.02.23	00:57:35.810		154.976			4
2026.02.23	00:57:37.951	154.906				2
2026.02.23	00:57:38.263	154.915	154.977			6
2026.02.23	00:57:39.196		154.978			4
2026.02.23	00:57:39.821	154.907	154.975			6
2026.02.23	00:57:41.365	154.906				2
2026.02.23	00:57:41.677	154.904				2
2026.02.23	00:57:42.296	154.905				2
2026.02.23	00:57:42.607	154.906	154.974			6
2026.02.23	00:57:44.765	154.905	154.975			6
2026.02.23	00:57:45.071	154.903	154.974			6
2026.02.23	00:57:46.144	154.905				2
2026.02.23	00:57:47.064	154.904				2
2026.02.23	00:57:52.000	154.905				2
2026.02.23	00:57:55.407	154.896	154.968			6
2026.02.23	00:57:55.712	154.899	154.969			6
2026.02.23	00:57:56.642		154.967			4
2026.02.23	00:57:58.807	154.901				2
2026.02.23	00:58:00.047	154.900				2
2026.02.23	00:58:00.353	154.901	154.966			6
2026.02.23	00:58:02.212	154.902	154.967			6
2026.02.23	00:58:06.224	154.898	154.966			6
2026.02.23	00:58:08.071	154.899				2
2026.02.23	00:58:08.999	154.898	154.967			6
2026.02.23	00:58:10.533	154.903	154.971			6
2026.02.23	00:58:10.837	154.906	154.972			6
2026.02.23	00:58:11.815		154.973			4
2026.02.23	00:58:13.907	154.904				2
2026.02.23	00:58:20.818		154.972			4
2026.02.23	00:58:24.789	154.902				2
2026.02.23	00:58:29.971	154.901	154.968			6
2026.02.23	00:58:31.812		154.969			4
2026.02.23	00:58:35.124	154.904	154.973			6
2026.02.23	00:58:39.094		154.972			4
2026.02.23	00:58:46.400		154.973			4
2026.02.23	00:58:47.780		154.972			4
2026.02.23	00:58:52.203		154.970			4
2026.02.23	00:58:55.214	154.902	154.971			6
2026.02.23	00:58:55.534	154.904	154.972			6
2026.02.23	00:59:00.062	154.904				2
2026.02.23	00:59:00.402		154.969			4
2026.02.23	00:59:00.717	154.901	154.963			6
2026.02.23	00:59:01.032		154.965			4
2026.02.23	00:59:01.338		154.964			4
2026.02.23	00:59:01.650		154.965			4
2026.02.23	00:59:03.810		154.964			4
2026.02.23	00:59:05.046		154.963			4
2026.02.23	00:59:05.661	154.900				2
2026.02.23	00:59:09.080		154.964			4
2026.02.23	00:59:10.615		154.963			4
2026.02.23	00:59:12.161		154.962			4
2026.02.23	00:59:13.701		154.961			4
2026.02.23	00:59:14.325		154.963			4
2026.02.23	00:59:16.192		154.961			4
2026.02.23	00:59:18.053		154.962			4
2026.02.23	00:59:18.359		154.960			4
2026.02.23	00:59:19.905		154.961			4
2026.02.23	00:59:24.224		154.962			4
2026.02.23	00:59:25.155		154.961			4
2026.02.23	00:59:29.797	154.898	154.956			6
2026.02.23	00:59:33.800	154.899	154.959			6
2026.02.23	00:59:35.957		154.960			4
2026.02.23	00:59:37.807		154.959			4
2026.02.23	00:59:40.268		154.960			4
2026.02.23	00:59:40.578		154.959			4
2026.02.23	00:59:47.057		154.960			4
2026.02.23	00:59:49.219	154.900				2
2026.02.23	00:59:54.460		154.958			4
2026.02.23	00:59:56.002		154.957			4
2026.02.23	00:59:56.617	154.899	154.960			6
2026.02.23	00:59:57.234		154.958			4
2026.02.23	00:59:57.850		154.960			4
2026.02.23	00:59:59.395		154.958			4
2026.02.23	01:00:00.014	154.899				2
2026.02.23	01:00:00.321	154.872	154.924			6
2026.02.23	01:00:00.623	154.836	154.928			6
2026.02.23	01:00:01.279	154.818	154.938			6
2026.02.23	01:00:02.214		154.934			4
2026.02.23	01:00:02.519		154.930			4
2026.02.23	01:00:02.823		154.932			4
2026.02.23	01:00:03.135		154.930			4
2026.02.23	01:00:03.441	154.802				2
2026.02.23	01:00:04.058	154.800	154.928			6
2026.02.23	01:00:04.366	154.804	154.932			6
2026.02.23	01:00:04.986	154.800	154.928			6
2026.02.23	01:00:05.291	154.804	154.932			6
2026.02.23	01:00:05.606	154.806	154.934			6
2026.02.23	01:00:05.914	154.818	154.946			6
2026.02.23	01:00:06.217	154.820	154.948			6
2026.02.23	01:00:06.538	154.838	154.966			6
2026.02.23	01:00:07.162	154.840	154.968			6
2026.02.23	01:00:07.485	154.842	154.970			6
2026.02.23	01:00:07.786	154.832	154.960			6
2026.02.23	01:00:08.100	154.834	154.962			6
2026.02.23	01:00:08.723	154.836	154.964			6
2026.02.23	01:00:09.029	154.832	154.960			6
2026.02.23	01:00:09.349	154.828	154.951			6
2026.02.23	01:00:09.668	154.836	154.964			6
2026.02.23	01:00:10.274	154.854	154.976			6
2026.02.23	01:00:10.578	154.853				2
2026.02.23	01:00:10.885	154.840	154.956			6
2026.02.23	01:00:11.191	154.830	154.955			6
2026.02.23	01:00:11.498	154.832	154.958			6
2026.02.23	01:00:12.102	154.835				2
2026.02.23	01:00:12.507	154.830	154.957			6
2026.02.23	01:00:12.821		154.956			4
2026.02.23	01:00:13.128		154.957			4
2026.02.23	01:00:13.446	154.832	154.960			6
2026.02.23	01:00:13.764	154.833				2
2026.02.23	01:00:14.089	154.832				2
2026.02.23	01:00:14.402	154.831	154.959			6
2026.02.23	01:00:14.710	154.832	154.960			6
2026.02.23	01:00:15.331	154.830	154.958			6
2026.02.23	01:00:15.956	154.832	154.960			6
2026.02.23	01:00:17.821	154.830	154.958			6
2026.02.23	01:00:18.743	154.832	154.960			6
2026.02.23	01:00:19.047	154.830	154.958			6
2026.02.23	01:00:20.284	154.832	154.960			6
2026.02.23	01:00:20.588	154.830	154.958			6
2026.02.23	01:00:22.446	154.828	154.956			6
2026.02.23	01:00:23.057	154.830	154.958			6
2026.02.23	01:00:23.372	154.829	154.957			6
2026.02.23	01:00:23.677	154.830	154.958			6
2026.02.23	01:00:24.918	154.828	154.956			6
2026.02.23	01:00:25.225	154.830	154.958			6
2026.02.23	01:00:25.539	154.826	154.954			6
2026.02.23	01:00:28.935	154.830	154.958			6
2026.02.23	01:00:29.242	154.828	154.956			6
2026.02.23	01:00:30.166	154.832	154.959			6
2026.02.23	01:00:31.730	154.830	154.958			6
2026.02.23	01:00:32.034	154.832	154.959			6
2026.02.23	01:00:32.353	154.831				2
2026.02.23	01:00:35.162	154.832				2
2026.02.23	01:00:36.690	154.830	154.958			6
2026.02.23	01:00:39.799	154.836	154.960			6
2026.02.23	01:00:40.416	154.866	154.972			6
2026.02.23	01:00:40.728		154.976			4
2026.02.23	01:00:41.038	154.930	154.989			6
2026.02.23	01:00:41.345	154.929				2
2026.02.23	01:00:41.658		154.986			4
2026.02.23	01:00:42.149	154.934	154.964			6
2026.02.23	01:00:42.491	154.955	154.962			6
2026.02.23	01:00:43.581	154.934				2
2026.02.23	01:00:43.891	154.933	154.963			6
2026.02.23	01:00:55.229	154.920	154.988			6
2026.02.23	01:00:55.845	154.933	154.963			6
2026.02.23	01:01:00.310	154.933				2
2026.02.23	01:01:01.286		154.961			4
2026.02.23	01:01:02.482		154.975			4
2026.02.23	01:01:04.581		154.986			4
2026.02.23	01:01:05.028	154.931	154.977			6
2026.02.23	01:01:05.440	154.930	154.978			6
2026.02.23	01:01:06.979	154.931	154.974			6
2026.02.23	01:01:07.441	154.930	154.978			6
2026.02.23	01:01:08.135	154.931	154.974			6
2026.02.23	01:01:08.439	154.930	154.978			6
2026.02.23	01:01:11.197	154.931	154.974			6
2026.02.23	01:01:14.780	154.923	154.979			6
2026.02.23	01:01:15.705	154.931	154.974			6
2026.02.23	01:01:17.185	154.932	154.975			6
2026.02.23	01:01:17.978		154.974			4
2026.02.23	01:01:28.193		154.973			4
2026.02.23	01:01:29.821		154.971			4
2026.02.23	01:01:30.863		154.970			4
2026.02.23	01:01:31.813		154.969			4
2026.02.23	01:01:41.813		154.968			4
2026.02.23	01:01:43.739		154.967			4
2026.02.23	01:01:45.275		154.968			4
2026.02.23	01:01:45.952		154.967			4
2026.02.23	01:01:47.478		154.966			4
2026.02.23	01:01:49.319		154.967			4
2026.02.23	01:01:49.626		154.966			4
2026.02.23	01:01:50.242		154.967			4
2026.02.23	01:01:50.549		154.960			4
2026.02.23	01:01:53.431	154.873	154.948			6
2026.02.23	01:01:53.740	154.871				2
2026.02.23	01:01:54.054	154.873	154.945			6
2026.02.23	01:01:54.377	154.874	154.944			6
2026.02.23	01:01:54.686	154.875				2
2026.02.23	01:01:55.004	154.873	154.945			6
2026.02.23	01:01:55.307	154.857	154.940			6
2026.02.23	01:01:55.611	154.861	154.941			6
2026.02.23	01:01:56.204	154.865	154.942			6
2026.02.23	01:01:56.625	154.883	154.941			6
2026.02.23	01:01:58.580	154.881				2
2026.02.23	01:01:59.139	154.877	154.929			6
2026.02.23	01:01:59.442	154.863	154.922			6
2026.02.23	01:01:59.953	154.866	154.924			6
2026.02.23	01:02:00.296	154.866				2
2026.02.23	01:02:01.268	154.864	154.923			6
2026.02.23	01:02:01.579	154.845	154.924			6
2026.02.23	01:02:01.893	154.847				2
2026.02.23	01:02:04.824	154.855	154.892			6
2026.02.23	01:02:05.437	154.851	154.891			6
2026.02.23	01:02:05.739	154.852	154.896			6
2026.02.23	01:02:06.311	154.841	154.887			6
2026.02.23	01:02:06.814	154.833	154.892			6
2026.02.23	01:02:07.433	154.834	154.897			6
2026.02.23	01:02:07.741	154.837				2
2026.02.23	01:02:08.794	154.839				2
2026.02.23	01:02:09.099	154.825	154.889			6
2026.02.23	01:02:09.406	154.826	154.882			6
2026.02.23	01:02:09.719	154.816	154.884			6
2026.02.23	01:02:10.047	154.818	154.883			6
2026.02.23	01:02:10.981		154.882			4
2026.02.23	01:02:11.286	154.820	154.881			6
2026.02.23	01:02:11.597	154.821				2
2026.02.23	01:02:12.221		154.882			4
2026.02.23	01:02:12.526		154.881			4
2026.02.23	01:02:17.483	154.828	154.883			6
2026.02.23	01:02:20.202	154.836	154.893			6
2026.02.23	01:02:20.627	154.828	154.894			6
2026.02.23	01:02:20.937	154.829	154.890			6
2026.02.23	01:02:21.560	154.831				2
2026.02.23	01:02:23.407		154.894			4
2026.02.23	01:02:24.339		154.892			4
2026.02.23	01:02:25.892	154.823	154.891			6
2026.02.23	01:02:26.197	154.825				2
2026.02.23	01:02:26.513	154.829				2
2026.02.23	01:02:26.832		154.889			4
2026.02.23	01:02:28.827		154.891			4
2026.02.23	01:02:31.669	154.836				2
2026.02.23	01:02:34.144	154.841				2
2026.02.23	01:02:36.633	154.839				2
2026.02.23	01:02:36.936	154.840				2
2026.02.23	01:02:38.814		154.890			4
2026.02.23	01:02:39.124	154.839				2
2026.02.23	01:02:40.707		154.891			4
2026.02.23	01:02:41.648	154.837	154.890			6
2026.02.23	01:02:45.043		154.891			4
2026.02.23	01:02:46.279	154.826	154.879			6
2026.02.23	01:02:46.585	154.825	154.878			6
2026.02.23	01:02:46.891	154.826				2
2026.02.23	01:02:47.196	154.824	154.879			6
2026.02.23	01:02:47.498	154.825	154.877			6
2026.02.23	01:02:47.817		154.878			4
2026.02.23	01:02:49.060		154.879			4
2026.02.23	01:02:49.363	154.827	154.878			6
2026.02.23	01:02:52.145		154.877			4
2026.02.23	01:02:52.458		154.878			4
2026.02.23	01:02:53.383	154.828	154.877			6
2026.02.23	01:02:53.689	154.827				2
2026.02.23	01:02:53.998	154.825	154.876			6
2026.02.23	01:02:54.310	154.826				2
2026.02.23	01:02:54.616	154.825	154.877			6
2026.02.23	01:02:54.930	154.823				2
2026.02.23	01:02:56.166		154.875			4
2026.02.23	01:02:56.483		154.876			4
2026.02.23	01:02:56.797	154.838				2
2026.02.23	01:02:57.104	154.843	154.872			6
2026.02.23	01:02:57.605	154.845	154.877			6
2026.02.23	01:02:57.912	154.848	154.873			6
2026.02.23	01:02:58.524	154.846	154.872			6
2026.02.23	01:02:59.141		154.871			4
2026.02.23	01:02:59.754		154.872			4
2026.02.23	01:03:00.069	154.846				2
2026.02.23	01:03:00.383	154.848				2
2026.02.23	01:03:01.613		154.871			4
2026.02.23	01:03:03.760		154.883			4
2026.02.23	01:03:04.062	154.850				2
2026.02.23	01:03:04.915	154.852	154.882			6
2026.02.23	01:03:07.364		154.881			4
2026.02.23	01:03:07.980	154.853				2
2026.02.23	01:03:11.993		154.880			4
2026.02.23	01:03:13.541		154.881			4
2026.02.23	01:03:14.160	154.859	154.882			6
2026.02.23	01:03:14.466		154.883			4
2026.02.23	01:03:16.981	154.864	154.907			6
2026.02.23	01:03:20.349	154.865	154.908			6
2026.02.23	01:03:32.480		154.907			4
2026.02.23	01:03:33.302		154.902			4
2026.02.23	01:03:33.630	154.866	154.906			6
2026.02.23	01:03:34.258		154.900			4
2026.02.23	01:03:35.481	154.871	154.903			6
2026.02.23	01:03:35.798		154.907			4
2026.02.23	01:03:36.297	154.872	154.908			6
2026.02.23	01:03:36.605		154.909			4
2026.02.23	01:03:38.548	154.859	154.906			6
2026.02.23	01:03:38.874	154.858	154.898			6
2026.02.23	01:03:39.295	154.859	154.905			6
2026.02.23	01:03:40.372		154.904			4
2026.02.23	01:03:40.686	154.854	154.899			6
2026.02.23	01:03:41.367	154.852	154.894			6
2026.02.23	01:03:41.802	154.853	154.897			6
2026.02.23	01:03:45.981	154.850	154.896			6
2026.02.23	01:03:46.700	154.826	154.903			6
2026.02.23	01:03:47.019	154.830	154.912			6
2026.02.23	01:03:47.326	154.815	154.898			6
2026.02.23	01:03:47.640	154.816	154.899			6
2026.02.23	01:03:49.491	154.819	154.898			6
2026.02.23	01:03:50.134	154.845	154.888			6
2026.02.23	01:03:50.626	154.854	154.891			6
2026.02.23	01:03:52.714	154.855	154.892			6
2026.02.23	01:03:57.004	154.856	154.891			6
2026.02.23	01:03:59.165	154.853	154.889			6
2026.02.23	01:03:59.781	154.852				2
2026.02.23	01:04:00.680	154.852				2
2026.02.23	01:04:03.530	154.853	154.888			6
2026.02.23	01:04:05.545	154.851	154.886			6
2026.02.23	01:04:06.171	154.849	154.885			6
2026.02.23	01:04:06.947	154.850	154.883			6
2026.02.23	01:04:08.548	154.822	154.900			6
2026.02.23	01:04:08.852	154.827				2
2026.02.23	01:04:09.157	154.829	154.901			6
2026.02.23	01:04:09.778		154.900			4
2026.02.23	01:04:10.083	154.830				2
2026.02.23	01:04:10.394	154.833	154.897			6
2026.02.23	01:04:10.702	154.838	154.894			6
2026.02.23	01:04:11.312	154.828	154.885			6
2026.02.23	01:04:11.622		154.898			4
2026.02.23	01:04:11.925	154.858	154.888			6
2026.02.23	01:04:12.833	154.860				2
2026.02.23	01:04:16.580	154.865	154.893			6
2026.02.23	01:04:19.280	154.863	154.890			6
2026.02.23	01:04:24.381	154.865	154.893			6
2026.02.23	01:04:25.008	154.864	154.891			6
2026.02.23	01:04:27.516	154.859	154.884			6
2026.02.23	01:04:28.516	154.858	154.883			6
2026.02.23	01:04:29.478	154.860	154.894			6
2026.02.23	01:04:29.787	154.861				2
2026.02.23	01:04:30.363	154.860	154.893			6
2026.02.23	01:04:36.368	154.858	154.884			6
2026.02.23	01:04:37.608	154.869	154.894			6
2026.02.23	01:04:37.918		154.900			4
2026.02.23	01:04:41.364	154.871				2
2026.02.23	01:04:43.318	154.876	154.901			6
2026.02.23	01:04:43.878	154.873				2
2026.02.23	01:04:47.308	154.876				2
2026.02.23	01:04:53.172	154.872				2
2026.02.23	01:04:57.674	154.876				2
2026.02.23	01:04:57.978	154.877				2
2026.02.23	01:04:58.282	154.879				2
2026.02.23	01:04:59.097	154.877				2
2026.02.23	01:04:59.597	154.879				2
2026.02.23	01:05:00.305	154.877				2
2026.02.23	01:05:00.837	154.875				2
2026.02.23	01:05:01.371	154.874				2
2026.02.23	01:05:01.813	154.875				2
2026.02.23	01:05:02.643		154.899			4
2026.02.23	01:05:03.106	154.877				2
2026.02.23	01:05:03.434	154.876				2
2026.02.23	01:05:03.975	154.870	154.893			6
2026.02.23	01:05:04.630	154.867	154.889			6
2026.02.23	01:05:07.071	154.860	154.884			6
2026.02.23	01:05:07.541		154.885			4
2026.02.23	01:05:07.853	154.859	154.883			6
2026.02.23	01:05:08.160	154.860	154.881			6
2026.02.23	01:05:08.605	154.861	154.882			6
2026.02.23	01:05:09.380	154.881	154.887			6
2026.02.23	01:05:09.691	154.874	154.894			6
2026.02.23	01:05:10.407	154.881	154.893			6
2026.02.23	01:05:13.131		154.894			4
2026.02.23	01:05:15.978		154.895			4
2026.02.23	01:05:17.860	154.889				2
2026.02.23	01:05:19.395	154.890				2
2026.02.23	01:05:20.313		154.894			4
2026.02.23	01:05:21.233	154.891	154.893			6
2026.02.23	01:05:22.148	154.892				2
2026.02.23	01:05:30.436	154.893	154.894			6
2026.02.23	01:05:31.346	154.892	154.893			6
2026.02.23	01:05:31.654	154.893	154.894			6
2026.02.23	01:05:33.179	154.892	154.893			6
2026.02.23	01:05:36.561	154.893	154.894			6
2026.02.23	01:05:37.471	154.892	154.893			6
2026.02.23	01:05:43.004	154.891	154.892			6
2026.02.23	01:05:44.244	154.892	154.893			6
2026.02.23	01:05:48.208	154.893	154.894			6
2026.02.23	01:05:50.042	154.892	154.893			6
2026.02.23	01:05:52.494	154.893	154.894			6
2026.02.23	01:05:58.938	154.892	154.893			6
2026.02.23	01:06:00.162	154.892				2
2026.02.23	01:06:03.235	154.893	154.894			6
2026.02.23	01:06:03.536	154.892	154.893			6
2026.02.23	01:06:03.839	154.893	154.894			6
2026.02.23	01:06:04.143	154.892	154.893			6
2026.02.23	01:06:13.639	154.891	154.892			6
2026.02.23	01:06:14.252	154.890	154.891			6
2026.02.23	01:06:17.006	154.889	154.890			6
2026.02.23	01:06:17.618	154.890	154.891			6
2026.02.23	01:06:30.152	154.891	154.892			6
2026.02.23	01:06:30.460	154.890	154.891			6
2026.02.23	01:06:37.523	154.891	154.892			6
2026.02.23	01:06:39.376	154.890	154.891			6
2026.02.23	01:06:41.841	154.891	154.892			6
2026.02.23	01:06:43.064	154.890	154.891			6
2026.02.23	01:06:43.671	154.889	154.890			6
2026.02.23	01:06:43.983	154.891	154.892			6
2026.02.23	01:06:44.296	154.890	154.894			6
2026.02.23	01:06:44.604	154.891	154.895			6
2026.02.23	01:06:45.217	154.889				2
2026.02.23	01:06:46.147	154.890				2
2026.02.23	01:06:48.905	154.886	154.892			6
2026.02.23	01:06:50.136	154.887				2
2026.02.23	01:06:50.766	154.886	154.891			6
2026.02.23	01:06:52.300	154.887				2
2026.02.23	01:06:53.227	154.886	154.890			6
2026.02.23	01:06:54.147		154.889			4
2026.02.23	01:06:54.762	154.887	154.890			6
2026.02.23	01:06:56.302		154.889			4
2026.02.23	01:06:56.613	154.888	154.890			6
2026.02.23	01:06:57.220		154.889			4
2026.02.23	01:07:00.280	154.888				2
2026.02.23	01:07:04.248	154.887	154.888			6
2026.02.23	01:07:04.550	154.888	154.889			6
2026.02.23	01:07:11.279	154.887	154.888			6
2026.02.23	01:07:11.581	154.888	154.889			6
2026.02.23	01:07:11.889	154.886	154.887			6
2026.02.23	01:07:12.194	154.883	154.891			6
2026.02.23	01:07:13.116		154.890			4
2026.02.23	01:07:14.660	154.878	154.879			6
2026.02.23	01:07:14.968	154.874	154.878			6
2026.02.23	01:07:15.276	154.857	154.860			6
2026.02.23	01:07:15.590	154.849	154.851			6
2026.02.23	01:07:16.822		154.853			4
2026.02.23	01:07:17.754	154.850				2
2026.02.23	01:07:18.063		154.854			4
2026.02.23	01:07:19.600		154.853			4
2026.02.23	01:07:21.139	154.852				2
2026.02.23	01:07:22.368	154.851	154.852			6
2026.02.23	01:07:25.755	154.852	154.853			6
2026.02.23	01:07:26.062	154.851	154.852			6
2026.02.23	01:07:26.365	154.850	154.851			6
2026.02.23	01:07:26.971	154.853	154.854			6
2026.02.23	01:07:27.274		154.875			4
2026.02.23	01:07:27.791		154.857			4
2026.02.23	01:07:28.400		154.856			4
2026.02.23	01:07:28.707		154.857			4
2026.02.23	01:07:30.246		154.856			4
2026.02.23	01:07:30.552		154.855			4
2026.02.23	01:07:30.855	154.854	154.856			6
2026.02.23	01:07:31.164	154.853				2
2026.02.23	01:07:32.402	154.854				2
2026.02.23	01:07:33.316	154.853	154.855			6
2026.02.23	01:07:33.623	154.849	154.850			6
2026.02.23	01:07:34.850	154.848	154.849			6
2026.02.23	01:07:35.764	154.849	154.850			6
2026.02.23	01:07:36.381	154.841	154.842			6
2026.02.23	01:07:36.684		154.864			4
2026.02.23	01:07:38.094	154.840	154.862			6
2026.02.23	01:07:40.169	154.845				2
2026.02.23	01:07:40.751	154.847	154.872			6
2026.02.23	01:07:41.130	154.848				2
2026.02.23	01:07:45.583		154.871			4
2026.02.23	01:07:46.576	154.843	154.862			6
2026.02.23	01:07:52.660	154.841	154.842			6
2026.02.23	01:07:53.577	154.840	154.841			6
2026.02.23	01:07:55.738	154.841	154.842			6
2026.02.23	01:07:56.359	154.842	154.862			6
2026.02.23	01:07:59.812	154.839	154.861			6
2026.02.23	01:08:00.123	154.839	154.859			6
2026.02.23	01:08:00.763	154.838	154.839			6
2026.02.23	01:08:01.680	154.839	154.840			6
2026.02.23	01:08:01.989	154.838	154.839			6
2026.02.23	01:08:02.603	154.839	154.840			6
2026.02.23	01:08:09.669	154.845	154.846			6
2026.02.23	01:08:15.231	154.846	154.847			6
2026.02.23	01:08:15.536	154.845	154.846			6
2026.02.23	01:08:20.150	154.836	154.837			6
2026.02.23	01:08:20.457	154.835	154.836			6
2026.02.23	01:08:20.760	154.834	154.835			6
2026.02.23	01:08:21.074	154.832	154.833			6
2026.02.23	01:08:22.301	154.837	154.838			6
2026.02.23	01:08:22.905	154.838	154.839			6
2026.02.23	01:08:24.429	154.836	154.837			6
2026.02.23	01:08:24.732	154.834	154.835			6
2026.02.23	01:08:25.034	154.835	154.836			6
2026.02.23	01:08:29.016	154.836	154.837			6
2026.02.23	01:08:29.317	154.842	154.843			6
2026.02.23	01:08:30.229	154.840				2
2026.02.23	01:08:31.150	154.841				2
2026.02.23	01:08:31.759	154.838	154.858			6
2026.02.23	01:08:35.408	154.837	154.857			6
2026.02.23	01:08:38.635	154.840	154.841			6
2026.02.23	01:08:38.941	154.837	154.838			6
2026.02.23	01:08:39.244	154.836	154.837			6
2026.02.23	01:08:39.865	154.837	154.838			6
2026.02.23	01:08:40.171	154.834	154.840			6
2026.02.23	01:08:41.090	154.835				2
2026.02.23	01:08:43.240		154.839			4
2026.02.23	01:08:44.170	154.836				2
2026.02.23	01:08:45.089		154.838			4
2026.02.23	01:08:45.393	154.824	154.842			6
2026.02.23	01:08:46.164	154.822				2
2026.02.23	01:08:46.851	154.823	154.840			6
2026.02.23	01:08:47.807	154.821	154.838			6
2026.02.23	01:08:48.851	154.822	154.841			6
2026.02.23	01:08:53.741	154.823				2
2026.02.23	01:08:54.080	154.825				2
2026.02.23	01:08:54.572	154.823				2
2026.02.23	01:08:55.319	154.825				2
2026.02.23	01:08:56.060		154.842			4
2026.02.23	01:08:59.205	154.833	154.849			6
2026.02.23	01:09:00.101	154.833	154.850			6
2026.02.23	01:09:00.425		154.838			4
2026.02.23	01:09:01.972	154.831	154.848			6
2026.02.23	01:09:04.601	154.832				2
2026.02.23	01:09:05.045		154.849			4
2026.02.23	01:09:05.972	154.831	154.834			6
2026.02.23	01:09:06.883		154.833			4
2026.02.23	01:09:08.095		154.832			4
2026.02.23	01:09:09.940	154.832	154.833			6
2026.02.23	01:09:11.787	154.833	154.834			6
2026.02.23	01:09:16.094	154.832	154.833			6
2026.02.23	01:09:16.718	154.833	154.834			6
2026.02.23	01:09:19.479	154.832	154.833			6
2026.02.23	01:09:19.789	154.840	154.841			6
2026.02.23	01:09:20.094	154.841	154.842			6
2026.02.23	01:09:21.322	154.838	154.847			6
2026.02.23	01:09:22.248	154.839				2
2026.02.23	01:09:23.156		154.846			4
2026.02.23	01:09:24.391		154.845			4
2026.02.23	01:09:24.702	154.837	154.843			6
2026.02.23	01:09:25.312	154.838				2
2026.02.23	01:09:25.929	154.837	154.842			6
2026.02.23	01:09:26.538	154.836	154.841			6
2026.02.23	01:09:28.371	154.837				2
2026.02.23	01:09:28.681	154.836	154.840			6
2026.02.23	01:09:29.291	154.837	154.839			6
2026.02.23	01:09:30.219	154.838				2
2026.02.23	01:09:30.828	154.839	154.840			6
2026.02.23	01:09:31.750	154.840	154.841			6
2026.02.23	01:09:33.603	154.839	154.840			6
2026.02.23	01:09:39.733	154.838	154.839			6
2026.02.23	01:09:40.043	154.841	154.842			6
2026.02.23	01:09:47.102	154.830	154.848			6
2026.02.23	01:09:47.409	154.842	154.843			6
2026.02.23	01:09:54.158	154.843	154.844			6
2026.02.23	01:09:54.770	154.842	154.843			6
2026.02.23	01:09:55.373	154.843	154.844			6
2026.02.23	01:09:58.142	154.842	154.843			6
2026.02.23	01:09:58.760	154.843	154.844			6
2026.02.23	01:09:59.678	154.842	154.843			6
2026.02.23	01:10:00.287	154.842				2
2026.02.23	01:10:07.664	154.843	154.844			6
2026.02.23	01:10:09.802	154.842	154.863			6
2026.02.23	01:10:10.440	154.843	154.867			6
2026.02.23	01:10:13.272		154.868			4
2026.02.23	01:10:15.699	154.841	154.848			6
2026.02.23	01:10:16.306	154.840				2
2026.02.23	01:10:19.697	154.839				2
2026.02.23	01:10:20.314	154.841	154.849			6
2026.02.23	01:10:21.237	154.842	154.861			6
2026.02.23	01:10:22.390	154.841	154.849			6
2026.02.23	01:10:23.321	154.844	154.853			6
2026.02.23	01:10:26.382		154.852			4
2026.02.23	01:10:26.992		154.866			4
2026.02.23	01:10:31.297		154.868			4
2026.02.23	01:10:31.725	154.842	154.866			6
2026.02.23	01:10:32.829	154.843	154.864			6
2026.02.23	01:10:33.619	154.841	154.853			6
2026.02.23	01:10:34.043	154.846	154.851			6
2026.02.23	01:10:35.267	154.845	154.853			6
2026.02.23	01:10:35.575	154.844	154.852			6
2026.02.23	01:10:36.190	154.845				2
2026.02.23	01:10:38.342		154.851			4
2026.02.23	01:10:39.271	154.846				2
2026.02.23	01:10:40.192	154.845	154.850			6
2026.02.23	01:10:41.113	154.846				2
2026.02.23	01:10:42.022	154.845	154.849			6
2026.02.23	01:10:42.329	154.846				2
2026.02.23	01:10:43.246		154.848			4
2026.02.23	01:10:44.174	154.843	154.844			6
2026.02.23	01:10:44.784	154.844	154.845			6
2026.02.23	01:10:47.244	154.843	154.844			6
2026.02.23	01:10:50.337	154.844	154.845			6
2026.02.23	01:10:51.257	154.843	154.844			6
2026.02.23	01:10:53.089	154.842	154.843			6
2026.02.23	01:10:54.627	154.843	154.844			6
2026.02.23	01:10:58.315	154.844	154.845			6
2026.02.23	01:10:59.233	154.845	154.846			6
2026.02.23	01:11:00.147	154.845				2
2026.02.23	01:11:01.374	154.846	154.847			6
2026.02.23	01:11:02.606	154.845	154.846			6
2026.02.23	01:11:03.216	154.846	154.847			6
2026.02.23	01:11:04.443	154.845	154.846			6
2026.02.23	01:11:14.275	154.846	154.847			6
2026.02.23	01:11:31.524	154.845	154.846			6
2026.02.23	01:11:50.528	154.850	154.851			6
2026.02.23	01:11:51.143	154.846	154.855			6
2026.02.23	01:11:52.386	154.847				2
2026.02.23	01:11:54.238		154.854			4
2026.02.23	01:11:54.862	154.848	154.855			6
2026.02.23	01:11:55.796	154.847	154.854			6
2026.02.23	01:11:56.106	154.848				2
2026.02.23	01:11:58.279		154.853			4
2026.02.23	01:11:59.824	154.849	154.854			6
2026.02.23	01:12:00.136	154.850				2
2026.02.23	01:12:01.358		154.853			4
2026.02.23	01:12:03.208		154.852			4
2026.02.23	01:12:04.124	154.851				2
2026.02.23	01:12:05.048	154.850	154.851			6
2026.02.23	01:12:05.354	154.851	154.852			6
2026.02.23	01:12:10.559	154.843	154.859			6
2026.02.23	01:12:10.879	154.846	154.847			6
2026.02.23	01:12:11.189		154.850			4
2026.02.23	01:12:11.496	154.845	154.849			6
2026.02.23	01:12:12.114		154.848			4
2026.02.23	01:12:12.730	154.846	154.849			6
2026.02.23	01:12:13.356		154.848			4
2026.02.23	01:12:14.281	154.847				2
2026.02.23	01:12:14.894	154.848	154.849			6
2026.02.23	01:12:15.202	154.847				2
2026.02.23	01:12:16.121		154.848			4
2026.02.23	01:12:18.580	154.848	154.849			6
2026.02.23	01:12:19.496	154.847	154.848			6
2026.02.23	01:12:22.576	154.848	154.849			6
2026.02.23	01:12:25.336	154.847	154.848			6
2026.02.23	01:12:26.559	154.848	154.849			6
2026.02.23	01:12:27.790	154.844	154.845			6
2026.02.23	01:12:29.636	154.843	154.844			6
2026.02.23	01:12:29.938	154.840	154.841			6
2026.02.23	01:12:30.241	154.841	154.844			6
2026.02.23	01:12:30.563		154.843			4
2026.02.23	01:12:30.882	154.839				2
2026.02.23	01:12:31.188		154.842			4
2026.02.23	01:12:31.503		154.843			4
2026.02.23	01:12:32.119		154.842			4
2026.02.23	01:12:33.351		154.841			4
2026.02.23	01:12:34.936		154.840			4
2026.02.23	01:12:37.705	154.838	154.839			6
2026.02.23	01:12:38.641	154.837	154.838			6
2026.02.23	01:12:44.171	154.836	154.837			6
2026.02.23	01:12:48.177	154.835	154.836			6
2026.02.23	01:12:53.681	154.834	154.835			6
2026.02.23	01:12:56.441	154.833	154.834			6
2026.02.23	01:12:56.744	154.834	154.835			6
2026.02.23	01:12:58.272	154.833	154.834			6
2026.02.23	01:12:59.505	154.834	154.835			6
2026.02.23	01:13:00.116	154.834				2
2026.02.23	01:13:00.424	154.833	154.834			6
2026.02.23	01:13:01.035	154.834	154.835			6
2026.02.23	01:13:01.341	154.833	154.834			6
2026.02.23	01:13:03.184	154.834	154.835			6
2026.02.23	01:13:03.491	154.833	154.834			6
2026.02.23	01:13:04.718	154.834	154.835			6
2026.02.23	01:13:05.948	154.833	154.834			6
2026.02.23	01:13:09.634	154.834	154.835			6
2026.02.23	01:13:10.868	154.833	154.834			6
2026.02.23	01:13:18.863	154.832	154.833			6
2026.02.23	01:13:19.169	154.833	154.834			6
2026.02.23	01:13:30.226	154.832	154.833			6
2026.02.23	01:13:32.991	154.833	154.834			6
2026.02.23	01:13:33.297	154.832	154.833			6
2026.02.23	01:13:34.212	154.823	154.824			6
2026.02.23	01:13:34.519	154.808	154.809			6
2026.02.23	01:13:34.824	154.809	154.810			6
2026.02.23	01:13:35.129	154.810	154.813			6
2026.02.23	01:13:35.435	154.802	154.811			6
2026.02.23	01:13:35.740		154.809			4
2026.02.23	01:13:36.057	154.801				2
2026.02.23	01:13:36.371	154.800	154.808			6
2026.02.23	01:13:36.675		154.809			4
2026.02.23	01:13:38.843		154.808			4
2026.02.23	01:13:39.149		154.809			4
2026.02.23	01:13:39.455	154.799	154.807			6
2026.02.23	01:13:39.771		154.806			4
2026.02.23	01:13:40.092		154.810			4
2026.02.23	01:13:41.355		154.809			4
2026.02.23	01:13:41.660		154.805			4
2026.02.23	01:13:41.977		154.809			4
2026.02.23	01:13:42.283		154.810			4
2026.02.23	01:13:43.213		154.809			4
2026.02.23	01:13:43.842		154.805			4
2026.02.23	01:13:44.165	154.800				2
2026.02.23	01:13:44.469	154.799	154.804			6
2026.02.23	01:13:46.317		154.803			4
2026.02.23	01:13:47.864	154.800				2
2026.02.23	01:13:48.182	154.801				2
2026.02.23	01:13:48.484		154.804			4
2026.02.23	01:13:48.791	154.802	154.805			6
2026.02.23	01:13:49.107	154.803	154.806			6
2026.02.23	01:13:50.335		154.805			4
2026.02.23	01:13:50.952	154.802	154.804			6
2026.02.23	01:13:51.266	154.803	154.805			6
2026.02.23	01:13:51.878	154.802	154.804			6
2026.02.23	01:13:52.195	154.803				2
2026.02.23	01:13:54.331	154.799	154.800			6
2026.02.23	01:13:54.641	154.796	154.797			6
2026.02.23	01:13:55.254	154.794	154.798			6
2026.02.23	01:13:55.570	154.795	154.799			6
2026.02.23	01:13:55.878	154.793	154.797			6
2026.02.23	01:13:56.193		154.796			4
2026.02.23	01:13:57.438	154.791	154.793			6
2026.02.23	01:13:57.741	154.789	154.792			6
2026.02.23	01:13:58.363		154.791			4
2026.02.23	01:13:58.669	154.790	154.792			6
2026.02.23	01:13:58.974	154.789	154.791			6
2026.02.23	01:13:59.282	154.788	154.790			6
2026.02.23	01:14:00.198	154.788	154.789			6
2026.02.23	01:14:00.502	154.785	154.786			6
2026.02.23	01:14:01.422	154.784	154.785			6
2026.02.23	01:14:02.037	154.783	154.784			6
2026.02.23	01:14:05.422	154.769	154.770			6
2026.02.23	01:14:05.730	154.763	154.764			6
2026.02.23	01:14:06.052	154.761	154.762			6
2026.02.23	01:14:06.663	154.760	154.761			6
2026.02.23	01:14:07.279	154.756	154.765			6
2026.02.23	01:14:07.598	154.757	154.766			6
2026.02.23	01:14:07.901	154.758	154.767			6
2026.02.23	01:14:09.130	154.759				2
2026.02.23	01:14:09.748	154.760	154.768			6
2026.02.23	01:14:10.069	154.759	154.767			6
2026.02.23	01:14:10.377	154.755	154.763			6
2026.02.23	01:14:11.298	154.756				2
2026.02.23	01:14:11.605	154.759	154.766			6
2026.02.23	01:14:11.913	154.760	154.767			6
2026.02.23	01:14:12.218		154.766			4
2026.02.23	01:14:13.144	154.761	154.767			6
2026.02.23	01:14:14.370		154.766			4
2026.02.23	01:14:15.308	154.759	154.764			6
2026.02.23	01:14:15.613	154.758	154.763			6
2026.02.23	01:14:16.239		154.762			4
2026.02.23	01:14:16.550	154.754	154.758			6
2026.02.23	01:14:16.855	154.753	154.757			6
2026.02.23	01:14:17.162	154.754				2
2026.02.23	01:14:17.475	154.752	154.755			6
2026.02.23	01:14:17.782	154.753	154.756			6
2026.02.23	01:14:19.332	154.752	154.755			6
2026.02.23	01:14:20.275	154.753				2
2026.02.23	01:14:20.892	154.752	154.754			6
2026.02.23	01:14:21.195		154.753			4
2026.02.23	01:14:21.510	154.751	154.752			6
2026.02.23	01:14:21.816	154.755	154.756			6
2026.02.23	01:14:22.119	154.757	154.758			6
2026.02.23	01:14:23.035	154.756	154.757			6
2026.02.23	01:14:23.341		154.759			4
2026.02.23	01:14:23.960	154.755	154.758			6
2026.02.23	01:14:24.280	154.756				2
2026.02.23	01:14:25.197		154.757			4
2026.02.23	01:14:26.119	154.757	154.758			6
2026.02.23	01:14:27.354	154.758	154.759			6
2026.02.23	01:14:27.960	154.757	154.758			6
2026.02.23	01:14:28.575	154.756	154.757			6
2026.02.23	01:14:30.743	154.755	154.756			6
2026.02.23	01:14:31.354	154.756	154.757			6
2026.02.23	01:14:32.271	154.757	154.758			6
2026.02.23	01:14:32.886	154.753				2
2026.02.23	01:14:33.208		154.757			4
2026.02.23	01:14:33.514	154.752				2
2026.02.23	01:14:33.816	154.754	154.759			6
2026.02.23	01:14:34.741	154.758				2
2026.02.23	01:14:38.120	154.759	154.760			6
2026.02.23	01:14:45.821	154.758	154.759			6
2026.02.23	01:14:49.820	154.757	154.758			6
2026.02.23	01:14:50.130	154.758	154.759			6
2026.02.23	01:14:53.812	154.746	154.747			6
2026.02.23	01:14:54.115	154.749	154.750			6
2026.02.23	01:14:55.036	154.748	154.749			6
2026.02.23	01:14:56.573	154.749	154.750			6
2026.02.23	01:14:58.117	154.747	154.748			6
2026.02.23	01:14:58.745	154.743				2
2026.02.23	01:14:59.673	154.749	154.750			6
2026.02.23	01:15:00.291	154.723	154.724			6
2026.02.23	01:15:00.591	154.720	154.721			6
2026.02.23	01:15:01.214	154.716	154.724			6
2026.02.23	01:15:02.459	154.715				2
2026.02.23	01:15:06.187		154.723			4
2026.02.23	01:15:06.810	154.716	154.724			6
2026.02.23	01:15:08.358		154.723			4
2026.02.23	01:15:08.995		154.721			4
2026.02.23	01:15:09.303	154.717				2
2026.02.23	01:15:09.919		154.720			4
2026.02.23	01:15:10.544		154.723			4
2026.02.23	01:15:10.865	154.718	154.724			6
2026.02.23	01:15:11.177	154.717	154.720			6
2026.02.23	01:15:12.107		154.721			4
2026.02.23	01:15:12.410		154.720			4
2026.02.23	01:15:12.719		154.719			4
2026.02.23	01:15:13.024	154.716	154.717			6
2026.02.23	01:15:13.334	154.715	154.716			6
2026.02.23	01:15:14.258	154.716	154.717			6
2026.02.23	01:15:18.239	154.713	154.714			6
2026.02.23	01:15:18.544	154.697	154.698			6
2026.02.23	01:15:18.849	154.691	154.692			6
2026.02.23	01:15:19.157	154.693	154.694			6
2026.02.23	01:15:19.773	154.694	154.695			6
2026.02.23	01:15:20.076	154.681	154.682			6
2026.02.23	01:15:20.386	154.674				2
2026.02.23	01:15:21.323		154.683			4
2026.02.23	01:15:22.871	154.673	154.681			6
2026.02.23	01:15:23.177		154.680			4
2026.02.23	01:15:23.488	154.674	154.682			6
2026.02.23	01:15:24.105	154.675				2
2026.02.23	01:15:26.260		154.681			4
2026.02.23	01:15:26.565	154.704	154.710			6
2026.02.23	01:15:26.881	154.700	154.706			6
2026.02.23	01:15:27.197	154.699	154.707			6
2026.02.23	01:15:27.502	154.698				2
2026.02.23	01:15:28.125	154.697	154.706			6
2026.02.23	01:15:29.376	154.698	154.707			6
2026.02.23	01:15:29.994	154.697	154.706			6
2026.02.23	01:15:30.311	154.698				2
2026.02.23	01:15:31.240		154.705			4
2026.02.23	01:15:33.129	154.699				2
2026.02.23	01:15:34.383		154.704			4
2026.02.23	01:15:34.997	154.702	154.723			6
2026.02.23	01:15:35.300	154.707	154.711			6
2026.02.23	01:15:36.242	154.708	154.712			6
2026.02.23	01:15:36.561		154.711			4
2026.02.23	01:15:37.179	154.706	154.707			6
2026.02.23	01:15:37.790	154.707	154.708			6
2026.02.23	01:15:38.712	154.705	154.706			6
2026.02.23	01:15:39.928	154.704	154.705			6
2026.02.23	01:15:41.167	154.703	154.704			6
2026.02.23	01:15:42.699	154.704	154.705			6
2026.02.23	01:15:43.008	154.705	154.706			6
2026.02.23	01:15:43.614	154.704	154.705			6
2026.02.23	01:15:45.752	154.703	154.704			6
2026.02.23	01:15:47.281	154.706	154.707			6
2026.02.23	01:15:47.593	154.707	154.708			6
2026.02.23	01:15:47.900	154.706	154.707			6
2026.02.23	01:15:48.510	154.707	154.708			6
2026.02.23	01:15:52.204	154.708	154.709			6
2026.02.23	01:15:52.512	154.707	154.708			6
2026.02.23	01:15:54.344	154.708	154.709			6
2026.02.23	01:15:55.566	154.707	154.708			6
2026.02.23	01:15:56.179	154.708	154.709			6
2026.02.23	01:15:57.401	154.713	154.714			6
2026.02.23	01:15:57.704	154.708	154.709			6
2026.02.23	01:15:58.323	154.709	154.710			6
2026.02.23	01:15:58.625	154.711	154.712			6
2026.02.23	01:15:58.927	154.712	154.713			6
2026.02.23	01:15:59.233	154.710	154.711			6
2026.02.23	01:15:59.540	154.713	154.714			6
2026.02.23	01:15:59.843	154.711	154.712			6
2026.02.23	01:16:00.152	154.711				2
2026.02.23	01:16:00.466	154.712	154.713			6
2026.02.23	01:16:00.770	154.714	154.715			6
2026.02.23	01:16:01.383	154.713	154.714			6
2026.02.23	01:16:04.166	154.714	154.715			6
2026.02.23	01:16:07.228	154.713	154.714			6
2026.02.23	01:16:09.658	154.714	154.715			6
2026.02.23	01:16:10.885	154.736	154.737			6
2026.02.23	01:16:11.191	154.747	154.748			6
2026.02.23	01:16:12.111	154.743	154.752			6
2026.02.23	01:16:12.736		154.751			4
2026.02.23	01:16:13.057		154.752			4
2026.02.23	01:16:15.220	154.744	154.753			6
2026.02.23	01:16:15.850	154.743	154.752			6
2026.02.23	01:16:16.165	154.740	154.749			6
2026.02.23	01:16:16.483	154.734	154.740			6
2026.02.23	01:16:18.028		154.742			4
2026.02.23	01:16:18.331	154.740	154.746			6
2026.02.23	01:16:18.633	154.741	154.747			6
2026.02.23	01:16:18.936		154.749			4
2026.02.23	01:16:19.550	154.742	154.751			6
2026.02.23	01:16:20.172		154.750			4
2026.02.23	01:16:21.096	154.743	154.751			6
2026.02.23	01:16:21.401	154.744				2
2026.02.23	01:16:22.323		154.750			4
2026.02.23	01:16:23.249	154.752	154.775			6
2026.02.23	01:16:23.551	154.758	154.764			6
2026.02.23	01:16:23.853	154.757	154.763			6
2026.02.23	01:16:24.476	154.755	154.761			6
2026.02.23	01:16:25.414	154.757	154.763			6
2026.02.23	01:16:26.339		154.762			4
2026.02.23	01:16:27.278	154.758				2
2026.02.23	01:16:28.206	154.754	154.757			6
2026.02.23	01:16:28.508	154.753	154.756			6
2026.02.23	01:16:28.812	154.754	154.757			6
2026.02.23	01:16:30.337		154.756			4
2026.02.23	01:16:31.261	154.755				2
2026.02.23	01:16:31.569	154.754	154.755			6
2026.02.23	01:16:31.876	154.755	154.756			6
2026.02.23	01:16:33.101	154.754	154.755			6
2026.02.23	01:16:35.228	154.751	154.752			6
2026.02.23	01:16:35.534	154.747	154.748			6
2026.02.23	01:16:39.543	154.746	154.747			6
2026.02.23	01:16:42.001	154.747	154.748			6
2026.02.23	01:16:42.924	154.746	154.747			6
2026.02.23	01:16:45.691	154.747	154.748			6
2026.02.23	01:16:46.912	154.748	154.749			6
2026.02.23	01:16:47.528	154.747	154.748			6
2026.02.23	01:16:47.830	154.748	154.749			6
2026.02.23	01:16:48.132	154.746	154.747			6
2026.02.23	01:16:49.059	154.747	154.748			6
2026.02.23	01:16:50.290	154.746	154.747			6
2026.02.23	01:16:52.120	154.747	154.748			6
2026.02.23	01:16:53.348	154.746	154.747			6
2026.02.23	01:16:54.577	154.745	154.746			6
2026.02.23	01:16:55.495	154.746	154.747			6
2026.02.23	01:16:56.723	154.745	154.746			6
2026.02.23	01:16:57.027	154.746	154.747			6
2026.02.23	01:16:59.782	154.745	154.746			6
2026.02.23	01:17:00.087	154.745				2
2026.02.23	01:17:00.396	154.747	154.748			6
2026.02.23	01:17:00.701	154.746	154.747			6
2026.02.23	01:17:01.316	154.745	154.746			6
2026.02.23	01:17:01.934	154.729	154.730			6
2026.02.23	01:17:02.236	154.722	154.741			6
2026.02.23	01:17:02.680	154.728	154.729			6
2026.02.23	01:17:03.299	154.725	154.731			6
2026.02.23	01:17:03.928	154.720	154.739			6
2026.02.23	01:17:04.244	154.729	154.734			6
2026.02.23	01:17:06.115		154.733			4
2026.02.23	01:17:07.351	154.728	154.731			6
2026.02.23	01:17:08.271		154.730			4
2026.02.23	01:17:08.580	154.729	154.731			6
2026.02.23	01:17:09.193	154.730				2
2026.02.23	01:17:09.501	154.729	154.730			6
2026.02.23	01:17:09.807	154.730	154.731			6
2026.02.23	01:17:10.423	154.722	154.723			6
2026.02.23	01:17:10.732	154.720	154.721			6
2026.02.23	01:17:11.338	154.718	154.723			6
2026.02.23	01:17:11.962	154.720	154.725			6
2026.02.23	01:17:12.265	154.721				2
2026.02.23	01:17:13.505	154.722	154.726			6
2026.02.23	01:17:13.812	154.721	154.725			6
2026.02.23	01:17:14.127	154.722				2
2026.02.23	01:17:15.356	154.704				2
2026.02.23	01:17:15.661	154.720	154.721			6
2026.02.23	01:17:16.590	154.721	154.722			6
2026.02.23	01:17:16.896	154.717	154.718			6
2026.02.23	01:17:17.202	154.722	154.723			6
2026.02.23	01:17:18.115	154.726	154.727			6
2026.02.23	01:17:18.423	154.727	154.728			6
2026.02.23	01:17:18.742	154.732	154.733			6
2026.02.23	01:17:19.053	154.711	154.731			6
2026.02.23	01:17:19.450	154.708				2
2026.02.23	01:17:19.774		154.730			4
2026.02.23	01:17:20.105	154.727	154.734			6
2026.02.23	01:17:22.296	154.728				2
2026.02.23	01:17:23.238		154.733			4
2026.02.23	01:17:23.857	154.709	154.731			6
2026.02.23	01:17:24.165		154.730			4
2026.02.23	01:17:24.531	154.710				2
2026.02.23	01:17:25.077	154.726				2
2026.02.23	01:17:25.385	154.727				2
2026.02.23	01:17:25.695	154.729	154.732			6
2026.02.23	01:17:26.308	154.730	154.731			6
2026.02.23	01:17:26.928	154.731	154.732			6
2026.02.23	01:17:27.229	154.733	154.734			6
2026.02.23	01:17:30.914	154.720	154.739			6
2026.02.23	01:17:32.236	154.719	154.738			6
2026.02.23	01:17:32.541		154.739			4
2026.02.23	01:17:33.220	154.735	154.736			6
2026.02.23	01:17:34.440	154.718	154.737			6
2026.02.23	01:17:35.780	154.717				2
2026.02.23	01:17:36.601	154.724	154.740			6
2026.02.23	01:17:38.775	154.723				2
2026.02.23	01:17:39.082	154.724	154.743			6
2026.02.23	01:17:39.724		154.742			4
2026.02.23	01:17:40.028		154.743			4
2026.02.23	01:17:40.339	154.741	154.742			6
2026.02.23	01:17:40.952	154.740	154.741			6
2026.02.23	01:17:41.565	154.744	154.745			6
2026.02.23	01:17:41.873	154.725	154.744			6
2026.02.23	01:17:42.180	154.722	154.743			6
2026.02.23	01:17:42.811	154.723	154.744			6
2026.02.23	01:17:43.118	154.740				2
2026.02.23	01:17:43.726	154.739				2
2026.02.23	01:17:44.037	154.740				2
2026.02.23	01:17:44.340	154.723				2
2026.02.23	01:17:44.645	154.740				2
2026.02.23	01:17:45.252	154.742	154.743			6
2026.02.23	01:17:46.169	154.743	154.744			6
2026.02.23	01:17:46.471	154.742	154.743			6
2026.02.23	01:17:49.844	154.741	154.742			6
2026.02.23	01:17:50.462	154.742	154.743			6
2026.02.23	01:17:56.902	154.745	154.746			6
2026.02.23	01:17:57.211	154.732	154.756			6
2026.02.23	01:17:57.516	154.734	154.758			6
2026.02.23	01:17:57.889	154.739	154.760			6
2026.02.23	01:17:59.060	154.740				2
2026.02.23	01:18:00.335	154.755	154.756			6
2026.02.23	01:18:00.641	154.756	154.757			6
2026.02.23	01:18:01.565	154.746	154.747			6
2026.02.23	01:18:02.172	154.743	154.748			6
2026.02.23	01:18:03.715	154.744				2
2026.02.23	01:18:04.321	154.743	154.747			6
2026.02.23	01:18:04.631	154.741	154.746			6
2026.02.23	01:18:04.935	154.742				2
2026.02.23	01:18:05.547	154.743				2
2026.02.23	01:18:06.773	154.735	154.738			6
2026.02.23	01:18:07.080	154.729	154.732			6
2026.02.23	01:18:07.392	154.730	154.731			6
2026.02.23	01:18:08.023	154.731	154.732			6
2026.02.23	01:18:08.332	154.727	154.734			6
2026.02.23	01:18:10.181	154.728				2
2026.02.23	01:18:10.790	154.727	154.733			6
2026.02.23	01:18:11.096	154.728	154.732			6
2026.02.23	01:18:12.333	154.729	154.731			6
2026.02.23	01:18:13.251	154.730				2
2026.02.23	01:18:14.475	154.731	154.732			6
2026.02.23	01:18:14.783	154.730	154.731			6
2026.02.23	01:18:15.403	154.700	154.725			6
2026.02.23	01:18:15.719	154.723	154.724			6
2026.02.23	01:18:16.028	154.722	154.723			6
2026.02.23	01:18:16.334	154.720				2
2026.02.23	01:18:17.254	154.721				2
2026.02.23	01:18:18.168	154.722				2
2026.02.23	01:18:19.080	154.721				2
2026.02.23	01:18:19.389		154.722			4
2026.02.23	01:18:23.046	154.722	154.723			6
2026.02.23	01:18:25.802	154.721	154.722			6
2026.02.23	01:18:26.109	154.722	154.723			6
2026.02.23	01:18:31.040	154.708	154.728			6
2026.02.23	01:18:31.350		154.727			4
2026.02.23	01:18:31.724	154.725	154.726			6
2026.02.23	01:18:39.406	154.726	154.727			6
2026.02.23	01:18:42.182	154.725	154.726			6
2026.02.23	01:18:43.099	154.726	154.727			6
2026.02.23	01:18:44.018	154.725	154.726			6
2026.02.23	01:18:44.944	154.726	154.727			6
2026.02.23	01:18:45.872	154.725	154.726			6
2026.02.23	01:18:46.177	154.726	154.727			6
2026.02.23	01:18:46.483	154.727	154.728			6
2026.02.23	01:18:47.400	154.728	154.729			6
2026.02.23	01:18:47.701	154.727	154.728			6
2026.02.23	01:18:48.316	154.729	154.730			6
2026.02.23	01:18:48.630	154.730	154.731			6
2026.02.23	01:18:51.684	154.732	154.733			6
2026.02.23	01:18:52.000	154.729	154.730			6
2026.02.23	01:18:52.305	154.730	154.731			6
2026.02.23	01:18:55.355	154.716	154.717			6
2026.02.23	01:18:55.664	154.717	154.718			6
2026.02.23	01:18:55.973	154.716	154.717			6
2026.02.23	01:18:56.281	154.713				2
2026.02.23	01:18:56.583	154.694	154.713			6
2026.02.23	01:18:56.892	154.709				2
2026.02.23	01:18:57.208	154.708				2
2026.02.23	01:18:57.521	154.706	154.708			6
2026.02.23	01:18:57.823	154.703	154.707			6
2026.02.23	01:18:58.128		154.705			4
2026.02.23	01:18:58.752		154.706			4
2026.02.23	01:18:59.989	154.702				2
2026.02.23	01:19:00.297	154.705	154.711			6
2026.02.23	01:19:00.604	154.706				2
2026.02.23	01:19:01.222		154.710			4
2026.02.23	01:19:01.537		154.711			4
2026.02.23	01:19:01.844	154.707				2
2026.02.23	01:19:02.462		154.712			4
2026.02.23	01:19:03.380	154.708				2
2026.02.23	01:19:04.317		154.709			4
2026.02.23	01:19:04.637	154.707				2
2026.02.23	01:19:04.955	154.686	154.704			6
2026.02.23	01:19:05.298	154.703				2
2026.02.23	01:19:05.922	154.704	154.705			6
2026.02.23	01:19:09.013	154.705	154.707			6
2026.02.23	01:19:09.322	154.688				2
2026.02.23	01:19:10.257	154.687				2
2026.02.23	01:19:10.571	154.688				2
2026.02.23	01:19:10.881	154.687	154.706			6
2026.02.23	01:19:11.374	154.686				2
2026.02.23	01:19:12.380	154.687				2
2026.02.23	01:19:14.477		154.707			4
2026.02.23	01:19:14.826	154.688				2
2026.02.23	01:19:20.428	154.686	154.705			6
2026.02.23	01:19:20.814		154.706			4
2026.02.23	01:19:21.283		154.705			4
2026.02.23	01:19:21.753	154.705	154.706			6
2026.02.23	01:19:22.065	154.686	154.704			6
2026.02.23	01:19:22.458	154.685	154.706			6
2026.02.23	01:19:22.773	154.686				2
2026.02.23	01:19:23.082	154.685				2
2026.02.23	01:19:28.503	154.686				2
2026.02.23	01:19:29.205	154.685				2
2026.02.23	01:19:32.079	154.684	154.705			6
2026.02.23	01:19:32.416		154.703			4
2026.02.23	01:19:32.718		154.704			4
2026.02.23	01:19:36.874	154.685				2
2026.02.23	01:19:38.890	154.684				2
2026.02.23	01:19:40.269	154.685	154.706			6
2026.02.23	01:19:40.608	154.705				2
2026.02.23	01:19:49.170	154.706	154.707			6
2026.02.23	01:19:49.479	154.705	154.706			6
2026.02.23	01:19:51.320	154.706	154.707			6
2026.02.23	01:19:52.859	154.705	154.706			6
2026.02.23	01:19:54.711	154.706	154.707			6
2026.02.23	01:19:55.329	154.705	154.706			6
2026.02.23	01:19:56.861	154.706	154.707			6
2026.02.23	01:19:59.607	154.705	154.706			6
2026.02.23	01:20:00.220	154.703	154.704			6
2026.02.23	01:20:00.528	154.702	154.703			6
2026.02.23	01:20:00.842	154.686	154.705			6
2026.02.23	01:20:01.193	154.703	154.704			6
2026.02.23	01:20:01.802	154.709	154.710			6
2026.02.23	01:20:03.337	154.702	154.707			6
2026.02.23	01:20:03.640	154.697	154.702			6
2026.02.23	01:20:03.955	154.695	154.700			6
2026.02.23	01:20:04.264	154.694	154.698			6
2026.02.23	01:20:04.566	154.691	154.695			6
2026.02.23	01:20:04.876	154.689	154.693			6
2026.02.23	01:20:05.178		154.697			4
2026.02.23	01:20:06.099	154.675	154.694			6
2026.02.23	01:20:06.469	154.674	154.695			6
2026.02.23	01:20:06.802	154.675				2
2026.02.23	01:20:07.309	154.690	154.696			6
2026.02.23	01:20:07.614	154.689	154.697			6
2026.02.23	01:20:07.921	154.688				2
2026.02.23	01:20:08.224	154.676	154.695			6
2026.02.23	01:20:08.544		154.696			4
2026.02.23	01:20:08.858	154.675	154.695			6
2026.02.23	01:20:10.316	154.689				2
2026.02.23	01:20:10.624	154.688				2
2026.02.23	01:20:10.937	154.689				2
2026.02.23	01:20:11.252		154.696			4
2026.02.23	01:20:11.567	154.690				2
2026.02.23	01:20:12.182	154.689				2
2026.02.23	01:20:12.491	154.674				2
2026.02.23	01:20:12.844		154.694			4
2026.02.23	01:20:14.161	154.690	154.695			6
2026.02.23	01:20:14.776	154.689				2
2026.02.23	01:20:15.397	154.690				2
2026.02.23	01:20:15.699	154.686	154.690			6
2026.02.23	01:20:16.005	154.684	154.689			6
2026.02.23	01:20:16.307		154.688			4
2026.02.23	01:20:17.235		154.689			4
2026.02.23	01:20:18.149		154.688			4
2026.02.23	01:20:18.455	154.683	154.685			6
2026.02.23	01:20:18.760	154.681				2
2026.02.23	01:20:19.071	154.656	154.677			6
2026.02.23	01:20:19.384	154.672	154.676			6
2026.02.23	01:20:19.694	154.668	154.672			6
2026.02.23	01:20:19.995	154.669				2
2026.02.23	01:20:20.298	154.668	154.673			6
2026.02.23	01:20:20.604		154.672			4
2026.02.23	01:20:20.910	154.667	154.671			6
2026.02.23	01:20:21.217		154.670			4
2026.02.23	01:20:21.520		154.673			4
2026.02.23	01:20:21.822	154.663	154.669			6
2026.02.23	01:20:22.439	154.664				2
2026.02.23	01:20:23.662	154.662	154.667			6
2026.02.23	01:20:23.966	154.644	154.649			6
2026.02.23	01:20:24.273	154.622	154.641			6
2026.02.23	01:20:24.613	154.623	154.627			6
2026.02.23	01:20:24.921	154.626	154.629			6
2026.02.23	01:20:25.230	154.627	154.644			6
2026.02.23	01:20:25.653		154.635			4
2026.02.23	01:20:25.962	154.626				2
2026.02.23	01:20:26.271	154.627				2
2026.02.23	01:20:26.878	154.628	154.637			6
2026.02.23	01:20:27.185	154.629	154.638			6
2026.02.23	01:20:27.490	154.624	154.628			6
2026.02.23	01:20:28.403	154.626	154.629			6
2026.02.23	01:20:28.715	154.625	154.626			6
2026.02.23	01:20:30.248	154.623				2
2026.02.23	01:20:31.787	154.633	154.634			6
2026.02.23	01:20:32.088	154.635	154.638			6
2026.02.23	01:20:33.002	154.636	154.639			6
2026.02.23	01:20:33.615	154.638	154.641			6
2026.02.23	01:20:34.235	154.634	154.638			6
2026.02.23	01:20:34.537		154.637			4
2026.02.23	01:20:34.850	154.631	154.634			6
2026.02.23	01:20:35.155	154.633	154.635			6
2026.02.23	01:20:35.776	154.627	154.631			6
2026.02.23	01:20:36.080		154.630			4
2026.02.23	01:20:36.689		154.629			4
2026.02.23	01:20:37.599	154.632	154.633			6
2026.02.23	01:20:37.901	154.636	154.637			6
2026.02.23	01:20:40.339	154.629	154.630			6
2026.02.23	01:20:40.649	154.630	154.631			6
2026.02.23	01:20:43.406	154.638	154.639			6
2026.02.23	01:20:43.710	154.637	154.638			6
2026.02.23	01:20:44.014	154.636	154.637			6
2026.02.23	01:20:47.983	154.635	154.636			6
2026.02.23	01:20:48.289	154.632	154.633			6
2026.02.23	01:20:49.523	154.628	154.629			6
2026.02.23	01:20:50.141	154.627	154.628			6
2026.02.23	01:20:51.054	154.632	154.633			6
2026.02.23	01:20:51.360	154.651	154.652			6
2026.02.23	01:20:51.662	154.653	154.654			6
2026.02.23	01:20:51.978	154.652	154.653			6
2026.02.23	01:20:54.127	154.649	154.652			6
2026.02.23	01:20:55.349		154.651			4
2026.02.23	01:20:56.272	154.647	154.648			6
2026.02.23	01:20:56.579	154.645	154.646			6
2026.02.23	01:20:57.189	154.646	154.647			6
2026.02.23	01:21:00.258	154.647	154.648			6
2026.02.23	01:21:00.561	154.651	154.652			6
2026.02.23	01:21:01.476	154.650	154.651			6
2026.02.23	01:21:01.782	154.651	154.652			6
2026.02.23	01:21:03.622	154.652	154.653			6
2026.02.23	01:21:03.926	154.648	154.649			6
2026.02.23	01:21:07.011	154.647	154.648			6
2026.02.23	01:21:07.925	154.646	154.647			6
2026.02.23	01:21:08.238	154.645	154.646			6
2026.02.23	01:21:08.844	154.647	154.648			6
2026.02.23	01:21:10.373	154.645	154.646			6
2026.02.23	01:21:11.916	154.634	154.635			6
2026.02.23	01:21:12.220	154.627	154.628			6
2026.02.23	01:21:13.144	154.626	154.630			6
2026.02.23	01:21:14.064	154.628				2
2026.02.23	01:21:14.367	154.626				2
2026.02.23	01:21:15.289	154.625	154.629			6
2026.02.23	01:21:16.210	154.626				2
2026.02.23	01:21:17.122		154.628			4
2026.02.23	01:21:17.741	154.625	154.627			6
2026.02.23	01:21:18.047	154.626	154.628			6
2026.02.23	01:21:18.353		154.627			4
2026.02.23	01:21:18.968	154.627	154.628			6
2026.02.23	01:21:20.495	154.626	154.627			6
2026.02.23	01:21:20.802	154.627	154.628			6
2026.02.23	01:21:22.642	154.626	154.627			6
2026.02.23	01:21:22.943	154.625	154.626			6
2026.02.23	01:21:24.472	154.624	154.625			6
2026.02.23	01:21:25.093	154.621	154.622			6
2026.02.23	01:21:25.404	154.624	154.625			6
2026.02.23	01:21:26.022	154.620	154.621			6
2026.02.23	01:21:26.327	154.616	154.617			6
2026.02.23	01:21:28.179	154.625	154.626			6
2026.02.23	01:21:28.485	154.624	154.625			6
2026.02.23	01:21:29.415	154.623	154.624			6
2026.02.23	01:21:30.028	154.612	154.613			6
2026.02.23	01:21:30.336	154.614	154.615			6
2026.02.23	01:21:30.641	154.624	154.625			6
2026.02.23	01:21:31.252		154.627			4
2026.02.23	01:21:31.558		154.626			4
2026.02.23	01:21:32.163	154.621	154.628			6
2026.02.23	01:21:32.784	154.620	154.621			6
2026.02.23	01:21:33.094	154.610	154.613			6
2026.02.23	01:21:33.399	154.609	154.614			6
2026.02.23	01:21:34.019		154.615			4
2026.02.23	01:21:34.324		154.616			4
2026.02.23	01:21:34.944	154.614	154.620			6
2026.02.23	01:21:35.869		154.619			4
2026.02.23	01:21:36.494		154.620			4
2026.02.23	01:21:37.103	154.603	154.607			6
2026.02.23	01:21:37.406	154.602	154.608			6
2026.02.23	01:21:37.717	154.601	154.607			6
2026.02.23	01:21:38.337	154.600	154.608			6
2026.02.23	01:21:39.376		154.607			4
2026.02.23	01:21:40.315	154.601				2
2026.02.23	01:21:41.241	154.602				2
2026.02.23	01:21:42.157	154.611	154.614			6
2026.02.23	01:21:42.776	154.610				2
2026.02.23	01:21:43.088	154.601	154.607			6
2026.02.23	01:21:43.396	154.600	154.606			6
2026.02.23	01:21:44.344	154.599	154.607			6
2026.02.23	01:21:44.963	154.603	154.610			6
2026.02.23	01:21:45.267		154.609			4
2026.02.23	01:21:45.581	154.604				2
2026.02.23	01:21:45.889	154.603	154.610			6
2026.02.23	01:21:46.201	154.610	154.617			6
2026.02.23	01:21:46.508	154.609	154.616			6
2026.02.23	01:21:46.814	154.610	154.617			6
2026.02.23	01:21:47.130	154.611	154.618			6
2026.02.23	01:21:47.747	154.610	154.617			6
2026.02.23	01:21:48.363		154.616			4
2026.02.23	01:21:49.286	154.611				2
2026.02.23	01:21:50.202	154.612	154.615			6
2026.02.23	01:21:50.508	154.600	154.603			6
2026.02.23	01:21:50.820	154.608	154.611			6
2026.02.23	01:21:51.123	154.610				2
2026.02.23	01:21:51.426	154.613	154.614			6
2026.02.23	01:21:52.938	154.615	154.616			6
2026.02.23	01:21:54.170	154.616	154.617			6
2026.02.23	01:21:55.092	154.619	154.620			6
2026.02.23	01:21:55.399	154.620	154.621			6
2026.02.23	01:21:55.709	154.622	154.623			6
2026.02.23	01:21:56.019	154.621	154.622			6
2026.02.23	01:21:56.328	154.618	154.619			6
2026.02.23	01:22:00.017	154.618				2
2026.02.23	01:22:00.929	154.620	154.621			6
2026.02.23	01:22:01.242	154.626	154.627			6
2026.02.23	01:22:01.549	154.631	154.632			6
2026.02.23	01:22:02.167	154.635	154.636			6
2026.02.23	01:22:02.772	154.640	154.641			6
2026.02.23	01:22:04.005	154.637	154.638			6
2026.02.23	01:22:04.308	154.638	154.639			6
2026.02.23	01:22:04.614	154.637	154.638			6
2026.02.23	01:22:05.233	154.638	154.639			6
2026.02.23	01:22:05.539	154.637	154.638			6
2026.02.23	01:22:05.850	154.638	154.639			6
2026.02.23	01:22:06.155	154.636	154.637			6
2026.02.23	01:22:07.072	154.635	154.636			6
2026.02.23	01:22:07.376	154.636	154.637			6
2026.02.23	01:22:07.989	154.635	154.636			6
2026.02.23	01:22:10.753	154.625	154.626			6
2026.02.23	01:22:11.058	154.613	154.614			6
2026.02.23	01:22:11.363	154.611	154.612			6
2026.02.23	01:22:11.980	154.612	154.613			6
2026.02.23	01:22:12.286	154.611	154.617			6
2026.02.23	01:22:16.636	154.623	154.624			6
2026.02.23	01:22:16.939	154.630	154.635			6
2026.02.23	01:22:17.248		154.636			4
2026.02.23	01:22:17.867	154.625	154.632			6
2026.02.23	01:22:18.176		154.630			4
2026.02.23	01:22:19.415	154.624				2
2026.02.23	01:22:20.031	154.622	154.629			6
2026.02.23	01:22:20.342	154.620	154.626			6
2026.02.23	01:22:20.657	154.627	154.633			6
2026.02.23	01:22:21.283	154.628	154.635			6
2026.02.23	01:22:22.523	154.627	154.634			6
2026.02.23	01:22:22.831	154.628	154.635			6
2026.02.23	01:22:23.148		154.634			4
2026.02.23	01:22:24.395	154.629				2
2026.02.23	01:22:25.321		154.633			4
2026.02.23	01:22:25.623	154.631	154.635			6
2026.02.23	01:22:25.932	154.634	154.637			6
2026.02.23	01:22:27.163		154.636			4
2026.02.23	01:22:28.090	154.635				2
2026.02.23	01:22:29.005	154.633	154.634			6
2026.02.23	01:22:31.465	154.632	154.633			6
2026.02.23	01:22:36.059	154.631	154.632			6
2026.02.23	01:22:36.364	154.629	154.630			6
2026.02.23	01:22:36.672	154.617	154.618			6
2026.02.23	01:22:37.284	154.602	154.603			6
2026.02.23	01:22:38.203	154.600	154.606			6
2026.02.23	01:22:39.147	154.599	154.604			6
2026.02.23	01:22:40.391		154.603			4
2026.02.23	01:22:40.697	154.601	154.605			6
2026.02.23	01:22:41.322	154.597	154.600			6
2026.02.23	01:22:41.624	154.598	154.601			6
2026.02.23	01:22:41.926	154.601	154.604			6
2026.02.23	01:22:42.236	154.602				2
2026.02.23	01:22:43.153		154.603			4
2026.02.23	01:22:45.277	154.603	154.604			6
2026.02.23	01:22:46.201	154.602	154.603			6
2026.02.23	01:22:46.511	154.603	154.604			6
2026.02.23	01:22:48.642	154.604	154.605			6
2026.02.23	01:22:48.956	154.606	154.607			6
2026.02.23	01:22:49.879	154.607	154.608			6
2026.02.23	01:22:51.423	154.606	154.607			6
2026.02.23	01:22:51.726	154.607	154.608			6
2026.02.23	01:22:52.033	154.604	154.605			6
2026.02.23	01:22:52.341	154.605	154.606			6
2026.02.23	01:22:52.650	154.607	154.608			6
2026.02.23	01:22:53.259	154.608	154.609			6
2026.02.23	01:22:54.495	154.607	154.608			6
2026.02.23	01:22:54.804	154.608	154.609			6
2026.02.23	01:22:58.199	154.615	154.616			6
2026.02.23	01:22:58.502	154.617	154.618			6
2026.02.23	01:22:58.803	154.618	154.619			6
2026.02.23	01:22:59.114	154.617	154.618			6
2026.02.23	01:22:59.430	154.615	154.616			6
2026.02.23	01:23:00.043	154.614	154.615			6
2026.02.23	01:23:00.355	154.615	154.616			6
2026.02.23	01:23:00.662	154.616	154.617			6
2026.02.23	01:23:00.964	154.615	154.616			6
2026.02.23	01:23:01.269	154.614	154.615			6
2026.02.23	01:23:01.883	154.615	154.616			6
2026.02.23	01:23:03.420	154.616	154.617			6
2026.02.23	01:23:04.344	154.617	154.618			6
2026.02.23	01:23:06.183	154.616	154.617			6
2026.02.23	01:23:06.487	154.617	154.618			6
2026.02.23	01:23:08.018	154.618	154.619			6
2026.02.23	01:23:08.945	154.617	154.618			6
2026.02.23	01:23:12.028	154.618	154.619			6
2026.02.23	01:23:12.333	154.617	154.618			6
2026.02.23	01:23:13.250	154.616	154.617			6
2026.02.23	01:23:14.792	154.624	154.625			6
2026.02.23	01:23:16.020	154.623	154.624			6
2026.02.23	01:23:16.322	154.616	154.617			6
2026.02.23	01:23:16.626	154.610	154.611			6
2026.02.23	01:23:17.234	154.609	154.614			6
2026.02.23	01:23:20.180		154.613			4
2026.02.23	01:23:20.788	154.608	154.614			6
2026.02.23	01:23:21.098	154.611	154.616			6
2026.02.23	01:23:22.350	154.612				2
2026.02.23	01:23:23.284		154.615			4
2026.02.23	01:23:24.209	154.613				2
2026.02.23	01:23:25.125	154.614				2
2026.02.23	01:23:25.737	154.615	154.616			6
2026.02.23	01:23:26.661	154.619	154.620			6
2026.02.23	01:23:26.970	154.618	154.619			6
2026.02.23	01:23:27.583	154.619	154.620			6
2026.02.23	01:23:27.887	154.620	154.621			6
2026.02.23	01:23:30.646	154.614	154.615			6
2026.02.23	01:23:35.241	154.616	154.617			6
2026.02.23	01:23:35.552	154.617	154.618			6
2026.02.23	01:23:35.859	154.618	154.619			6
2026.02.23	01:23:36.163	154.616	154.617			6
2026.02.23	01:23:36.470	154.614	154.615			6
2026.02.23	01:23:37.394	154.617	154.618			6
2026.02.23	01:23:37.703	154.615	154.616			6
2026.02.23	01:23:38.008	154.614	154.615			6
2026.02.23	01:23:42.305	154.603	154.604			6
2026.02.23	01:23:43.213	154.602	154.606			6
2026.02.23	01:23:44.128		154.605			4
2026.02.23	01:23:44.438	154.601	154.604			6
2026.02.23	01:23:45.369	154.600	154.602			6
2026.02.23	01:23:46.289	154.601				2
2026.02.23	01:23:48.750	154.599	154.600			6
2026.02.23	01:23:49.054	154.598	154.599			6
2026.02.23	01:23:49.669	154.601	154.602			6
2026.02.23	01:23:49.977	154.602	154.603			6
2026.02.23	01:23:51.203	154.603	154.604			6
2026.02.23	01:23:51.513	154.604	154.605			6
2026.02.23	01:23:53.062	154.603	154.604			6
2026.02.23	01:23:54.291	154.605	154.606			6
2026.02.23	01:23:54.618	154.606	154.607			6
2026.02.23	01:23:54.921	154.605	154.606			6
2026.02.23	01:23:56.142	154.606	154.607			6
2026.02.23	01:23:57.067	154.605	154.606			6
2026.02.23	01:23:57.989	154.606	154.607			6
2026.02.23	01:23:59.222	154.607	154.608			6
2026.02.23	01:24:00.145	154.608	154.609			6
2026.02.23	01:24:02.917	154.605	154.606			6
2026.02.23	01:24:03.224	154.604	154.605			6
2026.02.23	01:24:03.831	154.603	154.604			6
2026.02.23	01:24:04.134	154.604	154.605			6
2026.02.23	01:24:06.286	154.605	154.606			6
2026.02.23	01:24:06.589	154.608	154.609			6
2026.02.23	01:24:06.891	154.609	154.610			6
2026.02.23	01:24:07.810	154.608	154.609			6
2026.02.23	01:24:11.178	154.609	154.610			6
2026.02.23	01:24:14.230	154.615	154.616			6
2026.02.23	01:24:14.536	154.614	154.615			6
2026.02.23	01:24:16.682	154.615	154.616			6
2026.02.23	01:24:18.514	154.614	154.615			6
2026.02.23	01:24:22.494	154.615	154.616			6
2026.02.23	01:24:26.171	154.616	154.617			6
2026.02.23	01:24:26.481	154.617	154.618			6
2026.02.23	01:24:26.787	154.616	154.617			6
2026.02.23	01:24:27.705	154.614	154.615			6
2026.02.23	01:24:28.007	154.615	154.616			6
2026.02.23	01:24:29.534	154.614	154.615			6
2026.02.23	01:24:30.159	154.602	154.603			6
2026.02.23	01:24:30.462	154.601	154.602			6
2026.02.23	01:24:30.770	154.603	154.604			6
2026.02.23	01:24:31.383	154.600	154.606			6
2026.02.23	01:24:32.805		154.607			4
2026.02.23	01:24:33.390	154.601				2
2026.02.23	01:24:34.313		154.608			4
2026.02.23	01:24:35.238		154.607			4
2026.02.23	01:24:36.180	154.602				2
2026.02.23	01:24:37.123		154.606			4
2026.02.23	01:24:37.751	154.592	154.595			6
2026.02.23	01:24:38.068		154.596			4
2026.02.23	01:24:38.375		154.598			4
2026.02.23	01:24:39.318		154.597			4
2026.02.23	01:24:42.142		154.596			4
2026.02.23	01:24:44.000	154.593	154.595			6
2026.02.23	01:24:47.126	154.595	154.596			6
2026.02.23	01:24:47.428		154.597			4
2026.02.23	01:24:48.052		154.596			4
2026.02.23	01:24:48.670	154.593	154.595			6
2026.02.23	01:24:48.977	154.595	154.596			6
2026.02.23	01:24:49.280		154.597			4
2026.02.23	01:24:50.216		154.598			4
2026.02.23	01:24:51.139		154.597			4
2026.02.23	01:24:52.370	154.596				2
2026.02.23	01:25:00.048	154.596				2
2026.02.23	01:25:09.571	154.597	154.598			6
2026.02.23	01:25:10.195	154.602	154.603			6
2026.02.23	01:25:10.509	154.603	154.604			6
2026.02.23	01:25:11.137	154.602	154.603			6
2026.02.23	01:25:12.056	154.600	154.601			6
2026.02.23	01:25:12.362	154.601	154.602			6
2026.02.23	01:25:12.672	154.602	154.603			6
2026.02.23	01:25:12.978	154.601	154.602			6
2026.02.23	01:25:14.223	154.591	154.592			6
2026.02.23	01:25:14.528	154.593	154.594			6
2026.02.23	01:25:15.142	154.590	154.597			6
2026.02.23	01:25:16.398		154.596			4
2026.02.23	01:25:16.717	154.591	154.597			6
2026.02.23	01:25:17.023	154.590	154.596			6
2026.02.23	01:25:17.335	154.591				2
2026.02.23	01:25:18.264	154.592				2
2026.02.23	01:25:18.890	154.591	154.595			6
2026.02.23	01:25:19.205	154.592				2
2026.02.23	01:25:19.512	154.590	154.593			6
2026.02.23	01:25:21.383	154.591	154.592			6
2026.02.23	01:25:24.138	154.594	154.595			6
2026.02.23	01:25:25.049	154.567	154.568			6
2026.02.23	01:25:25.356	154.569	154.573			6
2026.02.23	01:25:25.668	154.566	154.571			6
2026.02.23	01:25:25.976	154.556	154.563			6
2026.02.23	01:25:26.300	154.558	154.564			6
2026.02.23	01:25:26.617	154.563	154.568			6
2026.02.23	01:25:26.919		154.570			4
2026.02.23	01:25:27.313	154.564				2
2026.02.23	01:25:27.621		154.571			4
2026.02.23	01:25:28.697	154.574	154.580			6
2026.02.23	01:25:29.000		154.581			4
2026.02.23	01:25:29.701	154.578	154.583			6
2026.02.23	01:25:30.008		154.584			4
2026.02.23	01:25:30.321	154.580	154.585			6
2026.02.23	01:25:30.624	154.582	154.588			6
2026.02.23	01:25:32.375	154.584				2
2026.02.23	01:25:33.303		154.587			4
2026.02.23	01:25:33.611		154.588			4
2026.02.23	01:25:34.230		154.587			4
2026.02.23	01:25:34.539	154.582	154.586			6
2026.02.23	01:25:34.847		154.587			4
