<DATE>	<TIME>	<BID>	<ASK>	<LAST>	<VOLUME>	<FLAGS>
2026.04.16	00:03:30.168	158.987	159.042			6
2026.04.16	00:03:34.701	158.984				2
2026.04.16	00:03:50.354	158.994				2
2026.04.16	00:04:00.294	158.994				2
2026.04.16	00:04:21.051	158.982				2
2026.04.16	00:04:30.392		159.042			4
2026.04.16	00:04:40.332	158.983				2
2026.04.16	00:04:42.742		159.045			4
2026.04.16	00:05:00.203	158.983				2
2026.04.16	00:05:00.505	158.981				2
2026.04.16	00:05:03.817	158.994				2
2026.04.16	00:05:04.117		159.031			4
2026.04.16	00:05:22.454	158.981				2
2026.04.16	00:05:23.357	158.994				2
2026.04.16	00:05:30.891		159.030			4
2026.04.16	00:05:34.806	158.978				2
2026.04.16	00:05:41.126		159.031			4
2026.04.16	00:05:50.447	158.993				2
2026.04.16	00:06:00.056	158.993				2
2026.04.16	00:06:00.656		159.037			4
2026.04.16	00:06:04.571		159.032			4
2026.04.16	00:06:04.870	158.992				2
2026.04.16	00:06:05.174		159.027			4
2026.04.16	00:06:14.209	158.969	159.001			6
2026.04.16	00:07:00.228	158.969				2
2026.04.16	00:07:10.227	158.970				2
2026.04.16	00:07:17.976	158.968	159.001			6
2026.04.16	00:07:43.358	158.945				2
2026.04.16	00:07:59.570	158.959				2
2026.04.16	00:08:00.308	158.959				2
2026.04.16	00:08:20.228		159.001			4
2026.04.16	00:08:37.870	158.966	159.028			6
2026.04.16	00:08:47.496		159.033			4
2026.04.16	00:09:00.134	158.966				2
2026.04.16	00:09:19.413		159.029			4
2026.04.16	00:09:22.422		159.030			4
2026.04.16	00:09:37.757	158.967				2
2026.04.16	00:09:57.925	158.974	159.033			6
2026.04.16	00:10:00.034	158.974				2
2026.04.16	00:10:02.437	158.971				2
2026.04.16	00:10:10.862	158.967				2
2026.04.16	00:10:37.943	158.973	159.039			6
2026.04.16	00:10:58.080	158.974	159.040			6
2026.04.16	00:11:00.186	158.974				2
2026.04.16	00:11:08.317	158.976	159.042			6
2026.04.16	00:11:37.792	158.975	159.041			6
2026.04.16	00:12:00.048	158.975				2
2026.04.16	00:12:17.494	158.978	159.044			6
2026.04.16	00:12:20.806	158.979	159.045			6
2026.04.16	00:12:21.408	158.972	159.038			6
2026.04.16	00:12:36.450	158.973	159.039			6
2026.04.16	00:13:00.211	158.973				2
2026.04.16	00:13:15.547	158.971	159.037			6
2026.04.16	00:14:00.131	158.971				2
2026.04.16	00:14:06.447	158.972	159.038			6
2026.04.16	00:14:41.345	158.978	159.044			6
2026.04.16	00:14:41.947	158.977	159.043			6
2026.04.16	00:14:46.452	158.979	159.045			6
2026.04.16	00:14:47.052	158.972	159.039			6
2026.04.16	00:14:47.352	158.979	159.045			6
2026.04.16	00:15:00.293	158.978	159.047			6
2026.04.16	00:15:00.600	158.973	159.039			6
2026.04.16	00:15:01.203	158.975	159.041			6
2026.04.16	00:15:01.807	158.982	159.048			6
2026.04.16	00:15:02.409	158.978	159.044			6
2026.04.16	00:15:03.310	158.976	159.042			6
2026.04.16	00:15:03.913	158.975	159.041			6
2026.04.16	00:15:05.415	158.977	159.043			6
2026.04.16	00:15:05.715	158.973	159.039			6
2026.04.16	00:15:09.923	158.972	159.037			6
2026.04.16	00:15:18.040	158.973	159.039			6
2026.04.16	00:15:21.046	158.977	159.043			6
2026.04.16	00:15:21.346	158.972	159.040			6
2026.04.16	00:15:32.466		159.039			4
2026.04.16	00:15:36.386		159.031			4
2026.04.16	00:15:40.904		159.027			4
2026.04.16	00:15:42.410	158.965				2
2026.04.16	00:15:46.323		159.030			4
2026.04.16	00:15:46.624		159.026			4
2026.04.16	00:15:51.436		159.030			4
2026.04.16	00:15:58.352		159.025			4
2026.04.16	00:16:00.154	158.965				2
2026.04.16	00:16:02.857		159.026			4
2026.04.16	00:16:06.463		159.021			4
2026.04.16	00:16:08.271		159.026			4
2026.04.16	00:16:11.280		159.027			4
2026.04.16	00:16:15.494	158.966	159.022			6
2026.04.16	00:16:19.402	158.982				2
2026.04.16	00:16:30.522		159.023			4
2026.04.16	00:16:50.067	158.966				2
2026.04.16	00:16:54.284		159.025			4
2026.04.16	00:17:00.003	158.966				2
2026.04.16	00:17:25.249		159.027			4
2026.04.16	00:17:38.490		159.022			4
2026.04.16	00:17:40.300		159.024			4
2026.04.16	00:17:51.436	158.976				2
2026.04.16	00:18:00.165	158.976				2
2026.04.16	00:18:05.552		159.031			4
2026.04.16	00:18:05.853		159.034			4
2026.04.16	00:18:06.153		159.026			4
2026.04.16	00:18:13.369		159.031			4
2026.04.16	00:18:13.670		159.026			4
2026.04.16	00:18:15.479		159.024			4
2026.04.16	00:18:16.383		159.025			4
2026.04.16	00:18:22.111	158.970				2
2026.04.16	00:18:22.412		159.028			4
2026.04.16	00:18:22.712		159.030			4
2026.04.16	00:18:23.314		159.024			4
2026.04.16	00:18:39.241		159.025			4
2026.04.16	00:18:44.348	158.971				2
2026.04.16	00:18:54.256	158.974				2
2026.04.16	00:19:00.288	158.974				2
2026.04.16	00:19:17.136		159.031			4
2026.04.16	00:19:17.436		159.027			4
2026.04.16	00:19:17.736		159.023			4
2026.04.16	00:19:24.949	158.971				2
2026.04.16	00:19:26.157		159.028			4
2026.04.16	00:19:28.264		159.031			4
2026.04.16	00:19:28.563		159.030			4
2026.04.16	00:19:28.864		159.024			4
2026.04.16	00:19:36.996		159.028			4
2026.04.16	00:19:37.296		159.030			4
2026.04.16	00:19:37.598		159.028			4
2026.04.16	00:19:38.804		159.023			4
2026.04.16	00:19:43.330		159.027			4
2026.04.16	00:19:46.934		159.030			4
2026.04.16	00:19:49.637		159.023			4
2026.04.16	00:20:00.153	158.971				2
2026.04.16	00:20:01.055		159.022			4
2026.04.16	00:20:08.883		159.023			4
2026.04.16	00:20:12.501		159.027			4
2026.04.16	00:20:12.802		159.024			4
2026.04.16	00:20:15.809		159.023			4
2026.04.16	00:20:18.822		159.032			4
2026.04.16	00:20:19.121		159.024			4
2026.04.16	00:20:23.635		159.023			4
2026.04.16	00:20:24.835	158.973				2
2026.04.16	00:20:29.043	158.971	159.032			6
2026.04.16	00:20:29.343		159.040			4
2026.04.16	00:20:30.245		159.043			4
2026.04.16	00:20:33.850		159.047			4
2026.04.16	00:20:37.455		159.032			4
2026.04.16	00:20:42.589		159.034			4
2026.04.16	00:20:42.892		159.045			4
2026.04.16	00:20:43.192		159.047			4
2026.04.16	00:20:44.097		159.043			4
2026.04.16	00:20:44.397		159.045			4
2026.04.16	00:20:49.523		159.032			4
2026.04.16	00:20:54.336		159.058			4
2026.04.16	00:20:54.637		159.047			4
2026.04.16	00:20:55.237		159.041			4
2026.04.16	00:20:55.537		159.044			4
2026.04.16	00:20:55.837		159.042			4
2026.04.16	00:20:56.439		159.033			4
2026.04.16	00:20:59.442		159.051			4
2026.04.16	00:20:59.743		159.035			4
2026.04.16	00:21:00.044	158.971				2
2026.04.16	00:21:01.546		159.041			4
2026.04.16	00:21:01.846		159.045			4
2026.04.16	00:21:02.447		159.036			4
2026.04.16	00:21:09.665		159.033			4
2026.04.16	00:21:10.268		159.048			4
2026.04.16	00:21:13.578		159.032			4
2026.04.16	00:21:17.500		159.058			4
2026.04.16	00:21:18.634		159.043			4
2026.04.16	00:21:18.936		159.046			4
2026.04.16	00:21:22.839		159.057			4
2026.04.16	00:21:23.641		159.036			4
2026.04.16	00:21:23.942	158.970				2
2026.04.16	00:21:25.446		159.040			4
2026.04.16	00:21:25.747		159.032			4
2026.04.16	00:21:26.962		159.033			4
2026.04.16	00:21:37.194		159.041			4
2026.04.16	00:21:37.795		159.032			4
2026.04.16	00:21:38.095		159.040			4
2026.04.16	00:21:38.396		159.037			4
2026.04.16	00:21:40.503		159.040			4
2026.04.16	00:21:41.104		159.032			4
2026.04.16	00:21:48.623		159.034			4
2026.04.16	00:21:48.923		159.032			4
2026.04.16	00:21:49.224		159.043			4
2026.04.16	00:21:49.523		159.044			4
2026.04.16	00:22:00.039	158.970				2
2026.04.16	00:22:00.942		159.046			4
2026.04.16	00:22:01.242		159.032			4
2026.04.16	00:22:06.649		159.055			4
2026.04.16	00:22:06.950		159.056			4
2026.04.16	00:22:07.851		159.034			4
2026.04.16	00:22:08.152		159.043			4
2026.04.16	00:22:17.776		159.029			4
2026.04.16	00:22:18.679		159.048			4
2026.04.16	00:22:18.982	158.963				2
2026.04.16	00:22:19.591		159.037			4
2026.04.16	00:22:19.890	158.942	159.035			6
2026.04.16	00:22:20.306		159.027			4
2026.04.16	00:22:23.920		159.029			4
2026.04.16	00:22:25.722		159.034			4
2026.04.16	00:22:26.323		159.024			4
2026.04.16	00:22:26.923		159.025			4
2026.04.16	00:22:28.730		159.048			4
2026.04.16	00:22:29.332		159.037			4
2026.04.16	00:22:33.844		159.021			4
2026.04.16	00:22:43.782		159.052			4
2026.04.16	00:22:44.384		159.021			4
2026.04.16	00:22:48.592		159.054			4
2026.04.16	00:22:49.192		159.038			4
2026.04.16	00:22:54.310		159.050			4
2026.04.16	00:22:54.910		159.038			4
2026.04.16	00:23:00.025	158.942				2
2026.04.16	00:23:03.032	158.949				2
2026.04.16	00:23:03.632		159.045			4
2026.04.16	00:23:04.833		159.024			4
2026.04.16	00:23:09.349		159.027			4
2026.04.16	00:23:12.652		159.020			4
2026.04.16	00:23:15.362		159.023			4
2026.04.16	00:23:17.178		159.027			4
2026.04.16	00:23:18.682		159.048			4
2026.04.16	00:23:18.984		159.027			4
2026.04.16	00:23:19.885		159.017			4
2026.04.16	00:23:43.941		159.031			4
2026.04.16	00:23:48.761		159.018			4
2026.04.16	00:23:54.190		159.022			4
2026.04.16	00:23:58.703		159.026			4
2026.04.16	00:24:00.204	158.949				2
2026.04.16	00:24:03.213	158.946				2
2026.04.16	00:24:07.118		159.033			4
2026.04.16	00:24:07.719		159.018			4
2026.04.16	00:24:14.334		159.051			4
2026.04.16	00:24:14.635		159.020			4
2026.04.16	00:24:17.038		159.021			4
2026.04.16	00:24:17.640		159.022			4
2026.04.16	00:24:22.148		159.048			4
2026.04.16	00:24:22.447		159.047			4
2026.04.16	00:24:22.748		159.020			4
2026.04.16	00:24:24.249		159.048			4
2026.04.16	00:24:28.154		159.035			4
2026.04.16	00:24:28.755		159.017			4
2026.04.16	00:24:37.171		159.027			4
2026.04.16	00:24:40.180		159.055			4
2026.04.16	00:24:40.480		159.038			4
2026.04.16	00:24:50.410		159.052			4
2026.04.16	00:25:00.032	158.946				2
2026.04.16	00:25:03.764		159.033			4
2026.04.16	00:25:05.570		159.045			4
2026.04.16	00:25:10.387		159.047			4
2026.04.16	00:25:10.691		159.033			4
2026.04.16	00:25:20.022	158.945				2
2026.04.16	00:25:20.323		159.034			4
2026.04.16	00:25:20.623		159.035			4
2026.04.16	00:25:23.635		159.022			4
2026.04.16	00:25:25.438		159.044			4
2026.04.16	00:25:32.671		159.052			4
2026.04.16	00:25:35.560		159.043			4
2026.04.16	00:25:50.008	158.972				2
2026.04.16	00:25:50.611	158.945	159.034			6
2026.04.16	00:25:50.912	158.972	159.043			6
2026.04.16	00:25:51.213	158.945	159.034			6
2026.04.16	00:25:51.514	158.972	159.043			6
2026.04.16	00:25:51.815	158.945	159.034			6
2026.04.16	00:25:52.117	158.972	159.033			6
2026.04.16	00:25:52.417	158.945	159.031			6
2026.04.16	00:25:52.717	158.972	159.036			6
2026.04.16	00:25:53.017	158.945	159.031			6
2026.04.16	00:25:53.318	158.972	159.036			6
2026.04.16	00:25:53.618	158.945	159.031			6
2026.04.16	00:25:53.919		159.036			4
2026.04.16	00:25:59.932	158.946				2
2026.04.16	00:26:00.233	158.946				2
2026.04.16	00:26:19.204	158.971				2
2026.04.16	00:26:19.505	158.946	159.032			6
2026.04.16	00:26:19.807	158.971	159.036			6
2026.04.16	00:26:20.408	158.946	159.032			6
2026.04.16	00:26:20.708	158.971	159.036			6
2026.04.16	00:26:21.012	158.946	159.032			6
2026.04.16	00:26:21.312	158.971	159.036			6
2026.04.16	00:26:21.616	158.946	159.032			6
2026.04.16	00:26:21.916	158.971	159.036			6
2026.04.16	00:26:22.218	158.946	159.032			6
2026.04.16	00:26:22.518	158.971	159.036			6
2026.04.16	00:26:22.819	158.946	159.032			6
2026.04.16	00:26:23.121		159.036			4
2026.04.16	00:27:00.120	158.946				2
2026.04.16	00:27:05.534		159.040			4
2026.04.16	00:27:07.336		159.048			4
2026.04.16	00:27:07.639		159.047			4
2026.04.16	00:27:19.962		159.048			4
2026.04.16	00:27:21.394		159.057			4
2026.04.16	00:27:22.364		159.048			4
2026.04.16	00:27:32.548		159.027			4
2026.04.16	00:27:46.085		159.041			4
2026.04.16	00:27:56.626		159.030			4
2026.04.16	00:28:00.235	158.946				2
2026.04.16	00:28:02.637		159.044			4
2026.04.16	00:28:12.553		159.036			4
2026.04.16	00:28:15.557		159.048			4
2026.04.16	00:28:17.790		159.039			4
2026.04.16	00:28:22.306		159.042			4
2026.04.16	00:28:23.624		159.040			4
2026.04.16	00:28:23.925		159.042			4
2026.04.16	00:28:32.976		159.040			4
2026.04.16	00:28:33.577		159.042			4
2026.04.16	00:28:47.564		159.030			4
2026.04.16	00:29:00.223	158.946				2
2026.04.16	00:29:08.345		159.031			4
2026.04.16	00:29:14.639		159.024			4
2026.04.16	00:29:17.351		159.029			4
2026.04.16	00:29:18.551		159.031			4
2026.04.16	00:29:19.960		159.029			4
2026.04.16	00:29:26.898		159.031			4
2026.04.16	00:29:30.471		159.021			4
2026.04.16	00:29:37.396		159.031			4
2026.04.16	00:29:53.260		159.026			4
2026.04.16	00:30:00.070	158.946				2
2026.04.16	00:30:03.901		159.023			4
2026.04.16	00:30:07.223		159.026			4
2026.04.16	00:30:25.415		159.024			4
2026.04.16	00:30:27.223		159.026			4
2026.04.16	00:30:32.495		159.029			4
2026.04.16	00:30:33.096		159.026			4
2026.04.16	00:30:34.749	158.942				2
2026.04.16	00:30:42.703		159.024			4
2026.04.16	00:30:44.210		159.026			4
2026.04.16	00:31:01.116	158.942				2
2026.04.16	00:31:02.261		159.020			4
2026.04.16	00:31:07.391		159.019			4
2026.04.16	00:31:11.620		159.026			4
2026.04.16	00:31:16.720		159.020			4
2026.04.16	00:31:26.638		159.024			4
2026.04.16	00:31:29.945	158.945				2
2026.04.16	00:31:31.449		159.026			4
2026.04.16	00:31:33.244		159.027			4
2026.04.16	00:31:34.660		159.025			4
2026.04.16	00:31:38.869		159.017			4
2026.04.16	00:31:39.171		159.018			4
2026.04.16	00:31:45.496		159.021			4
2026.04.16	00:32:00.236	158.945				2
2026.04.16	00:32:00.838		159.027			4
2026.04.16	00:32:03.764		159.022			4
2026.04.16	00:32:05.269		159.027			4
2026.04.16	00:32:12.420		159.023			4
2026.04.16	00:32:19.938		159.024			4
2026.04.16	00:32:29.251		159.027			4
2026.04.16	00:32:31.291		159.021			4
2026.04.16	00:32:32.502		159.023			4
2026.04.16	00:32:46.349	158.944				2
2026.04.16	00:32:50.256		159.028			4
2026.04.16	00:32:55.579		159.022			4
2026.04.16	00:32:59.214		159.028			4
2026.04.16	00:32:59.612		159.020			4
2026.04.16	00:33:00.217	158.944				2
2026.04.16	00:33:09.246		159.025			4
2026.04.16	00:33:10.446		159.026			4
2026.04.16	00:33:15.553		159.018			4
2026.04.16	00:33:19.464		159.019			4
2026.04.16	00:33:22.481		159.022			4
2026.04.16	00:33:34.537		159.028			4
2026.04.16	00:33:47.971		159.020			4
2026.04.16	00:33:54.304		159.026			4
2026.04.16	00:33:54.908		159.017			4
2026.04.16	00:33:57.918		159.018			4
2026.04.16	00:33:58.221		159.022			4
2026.04.16	00:34:00.022	158.944				2
2026.04.16	00:34:05.136		159.028			4
2026.04.16	00:34:05.438		159.020			4
2026.04.16	00:34:08.439		159.021			4
2026.04.16	00:34:11.445		159.022			4
2026.04.16	00:34:21.358		159.017			4
2026.04.16	00:34:23.459		159.028			4
2026.04.16	00:34:23.762		159.019			4
2026.04.16	00:34:25.262		159.021			4
2026.04.16	00:34:28.271		159.026			4
2026.04.16	00:34:31.295		159.017			4
2026.04.16	00:34:33.706		159.028			4
2026.04.16	00:34:34.422		159.022			4
2026.04.16	00:34:38.334		159.024			4
2026.04.16	00:34:46.449		159.026			4
2026.04.16	00:34:46.750		159.021			4
2026.04.16	00:34:56.665		159.028			4
2026.04.16	00:35:01.403	158.944				2
2026.04.16	00:35:02.560		159.017			4
2026.04.16	00:35:09.184		159.028			4
2026.04.16	00:35:16.808		159.020			4
2026.04.16	00:35:19.222		159.025			4
2026.04.16	00:35:26.436		159.027			4
2026.04.16	00:35:29.445		159.028			4
2026.04.16	00:35:31.660		159.023			4
2026.04.16	00:35:33.168	158.942				2
2026.04.16	00:35:35.276		159.018			4
2026.04.16	00:36:00.252	158.942				2
2026.04.16	00:36:02.653	158.937				2
2026.04.16	00:36:03.255	158.940				2
2026.04.16	00:36:09.283		159.017			4
2026.04.16	00:36:11.392		159.018			4
2026.04.16	00:36:12.596		159.017			4
2026.04.16	00:36:13.198		159.018			4
2026.04.16	00:36:25.840		159.017			4
2026.04.16	00:36:26.441		159.018			4
2026.04.16	00:36:32.148		159.017			4
2026.04.16	00:36:37.251		159.018			4
2026.04.16	00:36:37.852		159.016			4
2026.04.16	00:36:38.454		159.017			4
2026.04.16	00:36:39.356		159.016			4
2026.04.16	00:36:41.462		159.017			4
2026.04.16	00:36:42.373		159.016			4
2026.04.16	00:36:43.876		159.017			4
2026.04.16	00:36:45.683		159.016			4
2026.04.16	00:36:46.884		159.017			4
2026.04.16	00:36:48.387		159.016			4
2026.04.16	00:37:00.134	158.940				2
2026.04.16	00:37:03.145	158.943				2
2026.04.16	00:37:07.349		159.017			4
2026.04.16	00:37:17.257	158.879	158.996			6
2026.04.16	00:37:17.557		159.019			4
2026.04.16	00:37:17.857	158.868	159.002			6
2026.04.16	00:37:18.160		158.992			4
2026.04.16	00:37:18.461	158.878				2
2026.04.16	00:37:18.761	158.868	159.003			6
2026.04.16	00:37:19.668	158.878				2
2026.04.16	00:37:19.968		159.009			4
2026.04.16	00:37:20.268		158.991			4
2026.04.16	00:37:20.568		158.990			4
2026.04.16	00:37:21.779		158.994			4
2026.04.16	00:37:24.488		158.988			4
2026.04.16	00:37:26.892		158.990			4
2026.04.16	00:37:27.795		158.991			4
2026.04.16	00:37:29.904		158.992			4
2026.04.16	00:37:57.279	158.868				2
2026.04.16	00:37:58.183	158.878				2
2026.04.16	00:38:00.291	158.878				2
2026.04.16	00:38:00.892		158.983			4
2026.04.16	00:38:13.834		158.982			4
2026.04.16	00:38:22.251		158.971			4
2026.04.16	00:38:24.054		158.984			4
2026.04.16	00:38:26.156		158.990			4
2026.04.16	00:38:26.761		158.980			4
2026.04.16	00:39:00.156	158.878				2
2026.04.16	00:39:03.170		158.996			4
2026.04.16	00:39:04.380		158.999			4
2026.04.16	00:39:05.884		158.983			4
2026.04.16	00:39:07.389		158.989			4
2026.04.16	00:39:08.292		158.986			4
2026.04.16	00:39:12.203		158.973			4
2026.04.16	00:39:32.654		158.975			4
2026.04.16	00:39:34.455		158.981			4
2026.04.16	00:39:37.765		158.977			4
2026.04.16	00:39:41.680		158.982			4
2026.04.16	00:39:51.006		158.978			4
2026.04.16	00:39:52.209		158.982			4
2026.04.16	00:39:52.813		158.987			4
2026.04.16	00:39:53.113		158.985			4
2026.04.16	00:39:53.414		158.974			4
2026.04.16	00:39:57.331		158.976			4
2026.04.16	00:40:00.036	158.878				2
2026.04.16	00:40:06.045		158.977			4
2026.04.16	00:40:10.249		158.982			4
2026.04.16	00:40:10.548		158.974			4
2026.04.16	00:40:11.149		158.980			4
2026.04.16	00:40:16.856		158.968			4
2026.04.16	00:40:18.672		158.972			4
2026.04.16	00:40:19.581	158.869				2
2026.04.16	00:40:20.487		158.977			4
2026.04.16	00:40:30.422		158.968			4
2026.04.16	00:40:37.036		158.970			4
2026.04.16	00:40:38.838		158.980			4
2026.04.16	00:40:49.654		158.971			4
2026.04.16	00:40:51.156		158.974			4
2026.04.16	00:40:53.564		158.975			4
2026.04.16	00:40:57.478		158.973			4
2026.04.16	00:40:58.380		158.974			4
2026.04.16	00:41:00.181	158.869				2
2026.04.16	00:41:15.835		158.979			4
2026.04.16	00:41:16.135		158.985			4
2026.04.16	00:41:17.337		158.979			4
2026.04.16	00:41:17.638	158.924	159.004			6
2026.04.16	00:41:29.063		159.005			4
2026.04.16	00:41:30.564	158.923				2
2026.04.16	00:41:33.269		159.004			4
2026.04.16	00:41:37.479		159.005			4
2026.04.16	00:41:41.688		159.004			4
2026.04.16	00:41:43.192		159.005			4
2026.04.16	00:41:54.640		159.004			4
2026.04.16	00:41:55.543		159.005			4
2026.04.16	00:41:59.748		159.007			4
2026.04.16	00:42:00.047	158.923				2
2026.04.16	00:42:03.050		159.008			4
2026.04.16	00:42:03.350	158.930	159.007			6
2026.04.16	00:42:05.752		159.008			4
2026.04.16	00:42:07.554		159.007			4
2026.04.16	00:42:08.456	158.923				2
2026.04.16	00:42:12.062		159.008			4
2026.04.16	00:42:15.673		159.007			4
2026.04.16	00:42:17.481	158.918				2
2026.04.16	00:42:18.386	158.933				2
2026.04.16	00:43:00.243	158.933				2
2026.04.16	00:43:15.876		159.007			4
2026.04.16	00:43:18.291	158.934				2
2026.04.16	00:43:58.622	158.944				2
2026.04.16	00:44:00.127	158.944				2
2026.04.16	00:44:02.833	158.941				2
2026.04.16	00:44:03.734	158.942				2
2026.04.16	00:44:04.034	158.941				2
2026.04.16	00:44:06.438	158.938				2
2026.04.16	00:44:06.739	158.941				2
2026.04.16	00:44:07.338	158.938				2
2026.04.16	00:44:13.049	158.937				2
2026.04.16	00:44:15.150	158.936	159.008			6
2026.04.16	00:44:19.055	158.935				2
2026.04.16	00:44:21.762	158.939				2
2026.04.16	00:44:26.882	158.946				2
2026.04.16	00:44:27.186	158.947				2
2026.04.16	00:44:28.386	158.944				2
2026.04.16	00:44:29.892	158.946				2
2026.04.16	00:44:35.913	158.945				2
2026.04.16	00:44:46.737		159.007			4
2026.04.16	00:44:48.238	158.943				2
2026.04.16	00:44:51.846	158.945				2
2026.04.16	00:44:52.146	158.943				2
2026.04.16	00:45:00.254	158.943				2
2026.04.16	00:45:01.757	158.944				2
2026.04.16	00:45:02.358	158.926				2
2026.04.16	00:45:03.862	158.927				2
2026.04.16	00:45:04.770	158.942				2
2026.04.16	00:45:05.070	158.943				2
2026.04.16	00:45:12.906	158.944				2
2026.04.16	00:45:18.923	158.942				2
2026.04.16	00:45:21.931	158.944				2
2026.04.16	00:45:24.636	158.942				2
2026.04.16	00:45:33.949	158.940				2
2026.04.16	00:45:36.951	158.941				2
2026.04.16	00:45:38.453	158.942				2
2026.04.16	00:45:44.176	158.939				2
2026.04.16	00:45:44.476	158.937				2
2026.04.16	00:45:45.681	158.935				2
2026.04.16	00:45:46.891		159.007			4
2026.04.16	00:45:48.095	158.942				2
2026.04.16	00:45:48.399	158.938	159.008			6
2026.04.16	00:46:00.136	158.938				2
2026.04.16	00:46:03.140	158.940				2
2026.04.16	00:46:09.749	158.938				2
2026.04.16	00:46:18.158	158.940				2
2026.04.16	00:46:24.790	158.938				2
2026.04.16	00:46:33.222	158.940				2
2026.04.16	00:46:39.836	158.938				2
2026.04.16	00:46:45.544	158.937				2
2026.04.16	00:46:48.247	158.939				2
2026.04.16	00:46:48.547		159.008			4
2026.04.16	00:46:54.854	158.937				2
2026.04.16	00:47:00.258	158.937				2
2026.04.16	00:47:02.361	158.929				2
2026.04.16	00:47:04.464	158.936				2
2026.04.16	00:47:04.765	158.937				2
2026.04.16	00:47:05.066	158.938				2
2026.04.16	00:47:06.269	158.939				2
2026.04.16	00:47:09.890	158.937				2
2026.04.16	00:47:18.322	158.939				2
2026.04.16	00:47:24.937	158.937				2
2026.04.16	00:47:33.353	158.939				2
2026.04.16	00:47:39.971	158.937				2
2026.04.16	00:47:48.132	158.939				2
2026.04.16	00:47:48.733		159.008			4
2026.04.16	00:47:54.745	158.937				2
2026.04.16	00:47:55.645	158.944				2
2026.04.16	00:47:58.348	158.948				2
2026.04.16	00:47:58.647	158.946				2
2026.04.16	00:48:00.150	158.946				2
2026.04.16	00:48:08.860	158.945				2
2026.04.16	00:48:12.170	158.949				2
2026.04.16	00:48:12.471	158.947				2
2026.04.16	00:48:13.372	158.948				2
2026.04.16	00:48:13.672	158.939				2
2026.04.16	00:48:14.577	158.938				2
2026.04.16	00:48:14.878	158.940				2
2026.04.16	00:48:15.779	158.936				2
2026.04.16	00:48:16.079	158.939				2
2026.04.16	00:48:16.380	158.936				2
2026.04.16	00:48:16.681	158.938				2
2026.04.16	00:48:16.982	158.939				2
2026.04.16	00:48:17.583	158.936				2
2026.04.16	00:48:17.884	158.938				2
2026.04.16	00:48:18.185	158.935				2
2026.04.16	00:48:19.386	158.936				2
2026.04.16	00:48:21.796	158.935				2
2026.04.16	00:48:23.297	158.934				2
2026.04.16	00:48:23.599	158.935				2
2026.04.16	00:48:26.611	158.934				2
2026.04.16	00:48:27.514	158.945				2
2026.04.16	00:48:27.814	158.946				2
2026.04.16	00:48:28.416	158.939	159.007			6
2026.04.16	00:48:28.716	158.946	159.008			6
2026.04.16	00:48:29.320	158.945				2
2026.04.16	00:48:29.620	158.947				2
2026.04.16	00:48:32.332	158.948				2
2026.04.16	00:48:32.633	158.934				2
2026.04.16	00:48:32.933	158.945				2
2026.04.16	00:48:39.247	158.935				2
2026.04.16	00:48:41.652	158.934				2
2026.04.16	00:48:52.488	158.948				2
2026.04.16	00:48:54.291	158.947				2
2026.04.16	00:48:56.400	158.939				2
2026.04.16	00:48:56.700	158.936	159.007			6
2026.04.16	00:49:00.016	158.936				2
2026.04.16	00:49:04.226	158.937				2
2026.04.16	00:49:04.526	158.936				2
2026.04.16	00:49:06.631	158.935				2
2026.04.16	00:49:09.036	158.936				2
2026.04.16	00:49:09.337	158.938				2
2026.04.16	00:49:09.637	158.946				2
2026.04.16	00:49:09.936	158.944				2
2026.04.16	00:49:12.339	158.948				2
2026.04.16	00:49:12.639	158.941	159.008			6
2026.04.16	00:49:12.940	158.944				2
2026.04.16	00:49:14.141	158.948				2
2026.04.16	00:49:14.442		159.007			4
2026.04.16	00:49:15.344	158.949				2
2026.04.16	00:49:15.944	158.947				2
2026.04.16	00:49:16.245	158.938	159.008			6
2026.04.16	00:49:16.847	158.949				2
2026.04.16	00:49:18.349	158.947				2
2026.04.16	00:49:21.351	158.949				2
2026.04.16	00:49:25.856	158.948				2
2026.04.16	00:49:27.659	158.939	159.007			6
2026.04.16	00:49:28.259	158.938				2
2026.04.16	00:49:28.561	158.943				2
2026.04.16	00:49:28.861	158.944				2
2026.04.16	00:49:29.162		159.008			4
2026.04.16	00:49:29.462	158.945				2
2026.04.16	00:49:29.762		159.007			4
2026.04.16	00:49:30.366	158.943				2
2026.04.16	00:49:30.968	158.944				2
2026.04.16	00:49:31.568	158.935	159.008			6
2026.04.16	00:49:32.170	158.937				2
2026.04.16	00:49:32.470	158.938				2
2026.04.16	00:49:32.770	158.936				2
2026.04.16	00:49:33.071	158.938				2
2026.04.16	00:49:33.676	158.936				2
2026.04.16	00:49:34.881	158.937				2
2026.04.16	00:49:36.389	158.936	159.007			6
2026.04.16	00:49:36.691		159.008			4
2026.04.16	00:49:36.991		159.007			4
2026.04.16	00:49:42.117	158.934				2
2026.04.16	00:49:48.729	158.935	159.008			6
2026.04.16	00:49:54.448	158.941	159.007			6
2026.04.16	00:49:55.049	158.946	159.008			6
2026.04.16	00:49:56.850	158.948	159.007			6
2026.04.16	00:49:59.251	158.935				2
2026.04.16	00:50:00.153	158.935				2
2026.04.16	00:50:02.254		159.008			4
2026.04.16	00:50:03.455	158.934	159.003			6
2026.04.16	00:50:04.056		159.002			4
2026.04.16	00:50:13.708	158.939				2
2026.04.16	00:50:14.008	158.942				2
2026.04.16	00:50:14.311	158.941	159.003			6
2026.04.16	00:50:14.611	158.944				2
2026.04.16	00:50:15.215	158.941				2
2026.04.16	00:50:17.922	158.943				2
2026.04.16	00:50:18.222	158.941				2
2026.04.16	00:50:19.125	158.936				2
2026.04.16	00:50:19.425	158.938	159.002			6
2026.04.16	00:50:20.031		159.003			4
2026.04.16	00:50:22.436	158.942				2
2026.04.16	00:50:23.337	158.943				2
2026.04.16	00:50:24.241	158.937				2
2026.04.16	00:50:24.541	158.935	159.002			6
2026.04.16	00:50:28.446	158.936				2
2026.04.16	00:50:29.347	158.935				2
2026.04.16	00:50:30.247	158.936				2
2026.04.16	00:50:30.547		159.003			4
2026.04.16	00:50:30.847		159.002			4
2026.04.16	00:50:31.148		159.003			4
2026.04.16	00:50:32.048	158.935				2
2026.04.16	00:50:34.152	158.936				2
2026.04.16	00:50:39.254	158.943				2
2026.04.16	00:50:39.554	158.946				2
2026.04.16	00:50:39.856		159.002			4
2026.04.16	00:50:40.456	158.945				2
2026.04.16	00:50:40.756	158.946				2
2026.04.16	00:50:41.057	158.947				2
2026.04.16	00:50:44.372	158.945				2
2026.04.16	00:50:44.671	158.941	159.003			6
2026.04.16	00:50:44.972		159.004			4
2026.04.16	00:50:48.280	158.947	159.003			6
2026.04.16	00:50:49.484	158.940				2
2026.04.16	00:50:50.388	158.944				2
2026.04.16	00:50:52.193	158.942				2
2026.04.16	00:50:52.495	158.937				2
2026.04.16	00:50:52.795	158.940	159.002			6
2026.04.16	00:50:53.095	158.942	159.003			6
2026.04.16	00:50:54.301	158.943				2
2026.04.16	00:50:56.115	158.946				2
2026.04.16	00:50:56.416	158.939	159.002			6
2026.04.16	00:50:56.718		159.003			4
2026.04.16	00:50:58.522	158.937				2
2026.04.16	00:50:58.822	158.946				2
2026.04.16	00:51:00.026	158.946				2
2026.04.16	00:51:02.135		159.002			4
2026.04.16	00:51:03.637	158.940				2
2026.04.16	00:51:03.938	158.938	159.003			6
2026.04.16	00:51:05.138	158.936				2
2026.04.16	00:51:05.438	158.939				2
2026.04.16	00:51:06.343		159.002			4
2026.04.16	00:51:07.243	158.938				2
2026.04.16	00:51:09.347	158.935	159.003			6
2026.04.16	00:51:09.949	158.947				2
2026.04.16	00:51:10.249	158.946				2
2026.04.16	00:51:12.651	158.942				2
2026.04.16	00:51:12.951		159.002			4
2026.04.16	00:51:13.251	158.940				2
2026.04.16	00:51:15.954	158.935				2
2026.04.16	00:51:17.756	158.936				2
2026.04.16	00:51:18.357		159.003			4
2026.04.16	00:51:19.557	158.941	159.007			6
2026.04.16	00:51:21.062	158.938	159.004			6
2026.04.16	00:51:22.268	158.939	159.005			6
2026.04.16	00:51:22.571	158.938	159.004			6
2026.04.16	00:51:22.871	158.940	159.006			6
2026.04.16	00:51:30.401	158.942	159.008			6
2026.04.16	00:51:32.810	158.940	159.006			6
2026.04.16	00:51:33.111	158.942	159.008			6
2026.04.16	00:51:35.820	158.941	159.007			6
2026.04.16	00:51:36.121	158.942	159.008			6
2026.04.16	00:51:38.524	158.937	159.003			6
2026.04.16	00:51:38.825	158.938	159.004			6
2026.04.16	00:51:39.128	158.942	159.008			6
2026.04.16	00:51:39.431	158.941	159.007			6
2026.04.16	00:51:43.338	158.942	159.014			6
2026.04.16	00:51:43.642		159.004			4
2026.04.16	00:51:43.942		159.008			4
2026.04.16	00:51:44.242		159.007			4
2026.04.16	00:51:45.142	158.941				2
2026.04.16	00:51:45.445	158.937	159.003			6
2026.04.16	00:51:45.745	158.938	159.004			6
2026.04.16	00:51:47.547	158.936	159.002			6
2026.04.16	00:51:47.848	158.939	159.005			6
2026.04.16	00:51:48.449	158.943	159.009			6
2026.04.16	00:51:51.453	158.934	159.002			6
2026.04.16	00:51:51.754		159.003			4
2026.04.16	00:51:52.055	158.939				2
2026.04.16	00:51:52.356	158.941	159.007			6
2026.04.16	00:51:52.656	158.943	159.009			6
2026.04.16	00:51:54.762	158.946	159.012			6
2026.04.16	00:51:55.964	158.945	159.011			6
2026.04.16	00:51:56.572	158.944	159.010			6
2026.04.16	00:51:56.872	158.942	159.008			6
2026.04.16	00:52:00.191	158.942				2
2026.04.16	00:52:02.302	158.939	159.005			6
2026.04.16	00:52:02.603	158.938	159.004			6
2026.04.16	00:52:02.912	158.939	159.005			6
2026.04.16	00:52:03.212	158.938	159.004			6
2026.04.16	00:52:03.512	158.939	159.005			6
2026.04.16	00:52:03.817	158.942	159.008			6
2026.04.16	00:52:04.422	158.941	159.007			6
2026.04.16	00:52:05.023	158.942	159.003			6
2026.04.16	00:52:05.322		159.004			4
2026.04.16	00:52:09.236	158.941	159.007			6
2026.04.16	00:52:09.537	158.943	159.009			6
2026.04.16	00:52:09.836	158.941	159.007			6
2026.04.16	00:52:11.942	158.942	159.008			6
2026.04.16	00:52:16.148	158.940	159.006			6
2026.04.16	00:52:16.748	158.944	159.010			6
2026.04.16	00:52:19.151		159.019			4
2026.04.16	00:52:19.452	158.943	159.005			6
2026.04.16	00:52:21.254	158.944				2
2026.04.16	00:52:21.555		159.004			4
2026.04.16	00:52:21.855	158.942	159.008			6
2026.04.16	00:52:22.155	158.943	159.009			6
2026.04.16	00:52:24.257	158.939	159.005			6
2026.04.16	00:52:24.557	158.943	159.006			6
2026.04.16	00:52:24.858	158.940				2
2026.04.16	00:52:25.159	158.942	159.008			6
2026.04.16	00:52:27.266		159.006			4
2026.04.16	00:52:27.567	158.943	159.007			6
2026.04.16	00:52:27.867	158.945	159.002			6
2026.04.16	00:52:28.168		159.007			4
2026.04.16	00:52:28.471		159.006			4
2026.04.16	00:52:28.774		159.007			4
2026.04.16	00:52:29.376	158.941				2
2026.04.16	00:52:30.277	158.939	159.005			6
2026.04.16	00:52:31.786	158.941	159.007			6
2026.04.16	00:52:32.691	158.936	159.002			6
2026.04.16	00:52:41.122	158.938				2
2026.04.16	00:52:41.422		159.003			4
2026.04.16	00:52:42.925	158.937	159.002			6
2026.04.16	00:52:43.227	158.939	159.005			6
2026.04.16	00:52:44.734	158.937	159.003			6
2026.04.16	00:52:46.235	158.939	159.005			6
2026.04.16	00:52:52.850	158.936	159.003			6
2026.04.16	00:52:53.151	158.937				2
2026.04.16	00:52:53.452	158.939	159.005			6
2026.04.16	00:52:53.752	158.940	159.006			6
2026.04.16	00:52:55.255	158.937	159.003			6
2026.04.16	00:52:55.856	158.936	159.002			6
2026.04.16	00:52:56.157	158.938	159.004			6
2026.04.16	00:52:56.457	158.944	159.010			6
2026.04.16	00:52:56.756	158.936	159.030			6
2026.04.16	00:52:57.057	158.940	159.020			6
2026.04.16	00:52:57.356	158.942	159.027			6
2026.04.16	00:52:58.258	158.937	159.019			6
2026.04.16	00:52:58.558	158.938	159.011			6
2026.04.16	00:52:58.858	158.941	159.013			6
2026.04.16	00:52:59.158	158.943				2
2026.04.16	00:52:59.463	158.942	159.009			6
2026.04.16	00:52:59.768		159.005			4
2026.04.16	00:53:00.069	158.941				2
2026.04.16	00:53:00.380	158.942	159.009			6
2026.04.16	00:53:00.681	158.943				2
2026.04.16	00:53:01.282	158.941	159.007			6
2026.04.16	00:53:01.582	158.943	159.009			6
2026.04.16	00:53:01.882	158.944	159.010			6
2026.04.16	00:53:02.483	158.942	159.008			6
2026.04.16	00:53:03.690	158.941	159.007			6
2026.04.16	00:53:09.408	158.939	159.004			6
2026.04.16	00:53:09.708	158.938				2
2026.04.16	00:53:10.009	158.943	159.015			6
2026.04.16	00:53:12.416	158.942	159.008			6
2026.04.16	00:53:12.717	158.946	159.012			6
2026.04.16	00:53:15.427	158.940	159.006			6
2026.04.16	00:53:16.031	158.943	159.009			6
2026.04.16	00:53:16.331	158.941	159.007			6
2026.04.16	00:53:19.335	158.943	159.009			6
2026.04.16	00:53:21.742	158.941	159.007			6
2026.04.16	00:53:23.546	158.940	159.006			6
2026.04.16	00:53:25.346	158.939	159.002			6
2026.04.16	00:53:25.646	158.934	159.003			6
2026.04.16	00:53:26.847	158.936				2
2026.04.16	00:53:27.149		159.002			4
2026.04.16	00:53:27.449	158.934				2
2026.04.16	00:53:30.452	158.935				2
2026.04.16	00:53:31.353	158.938				2
2026.04.16	00:53:31.953	158.936				2
2026.04.16	00:53:32.553	158.937				2
2026.04.16	00:53:32.854		159.003			4
2026.04.16	00:53:33.455	158.938	159.004			6
2026.04.16	00:53:41.588	158.937	159.003			6
2026.04.16	00:53:41.889	158.938	159.004			6
2026.04.16	00:53:42.188	158.942	159.008			6
2026.04.16	00:53:45.500	158.941	159.007			6
2026.04.16	00:53:47.020	158.937	159.003			6
2026.04.16	00:53:47.322	158.939	159.005			6
2026.04.16	00:53:47.622	158.943	159.009			6
2026.04.16	00:53:48.832	158.942	159.008			6
2026.04.16	00:53:49.133	158.943	159.009			6
2026.04.16	00:53:49.434	158.937	159.003			6
2026.04.16	00:53:49.735	158.939	159.005			6
2026.04.16	00:53:50.037	158.945	159.011			6
2026.04.16	00:53:50.937	158.943	159.009			6
2026.04.16	00:53:53.047	158.937	159.003			6
2026.04.16	00:53:53.648	158.939	159.005			6
2026.04.16	00:53:54.248	158.941	159.007			6
2026.04.16	00:53:54.549	158.944	159.010			6
2026.04.16	00:53:55.449	158.943	159.009			6
2026.04.16	00:53:59.652	158.938	159.004			6
2026.04.16	00:54:00.253	158.945	159.011			6
2026.04.16	00:54:00.553	158.944	159.010			6
2026.04.16	00:54:02.656	158.933	159.003			6
2026.04.16	00:54:02.957	158.934	159.002			6
2026.04.16	00:54:03.256	158.945	159.003			6
2026.04.16	00:54:04.459	158.937				2
2026.04.16	00:54:07.181	158.936	159.002			6
2026.04.16	00:54:08.089	158.934	159.003			6
2026.04.16	00:54:09.299		159.002			4
2026.04.16	00:54:09.600	158.935				2
2026.04.16	00:54:11.703	158.934	159.003			6
2026.04.16	00:54:12.004	158.936	159.002			6
2026.04.16	00:54:13.210	158.939	159.005			6
2026.04.16	00:54:13.510	158.942	159.004			6
2026.04.16	00:54:13.810		159.006			4
2026.04.16	00:54:14.415		159.008			4
2026.04.16	00:54:17.420	158.938	159.004			6
2026.04.16	00:54:17.720	158.941	159.007			6
2026.04.16	00:54:19.222	158.942	159.009			6
2026.04.16	00:54:19.523		159.008			4
2026.04.16	00:54:19.822	158.944	159.005			6
2026.04.16	00:54:20.422	158.946				2
2026.04.16	00:54:21.327		159.012			4
2026.04.16	00:54:22.229	158.940	159.009			6
2026.04.16	00:54:22.531	158.941	159.005			6
2026.04.16	00:54:22.833	158.946	159.012			6
2026.04.16	00:54:23.434	158.941	159.007			6
2026.04.16	00:54:24.034	158.943	159.009			6
2026.04.16	00:54:24.634	158.945	159.011			6
2026.04.16	00:54:26.437	158.941	159.007			6
2026.04.16	00:54:27.337	158.934	158.999			6
2026.04.16	00:54:27.637	158.940	159.006			6
2026.04.16	00:54:27.937	158.934	159.000			6
2026.04.16	00:54:28.238	158.945	158.995			6
2026.04.16	00:54:28.539		158.999			4
2026.04.16	00:54:29.139	158.934	158.996			6
2026.04.16	00:54:29.440	158.937	158.997			6
2026.04.16	00:54:29.742		158.999			4
2026.04.16	00:54:32.147		158.996			4
2026.04.16	00:54:32.448	158.932				2
2026.04.16	00:54:32.748		158.998			4
2026.04.16	00:54:34.248		158.994			4
2026.04.16	00:54:34.549		158.996			4
2026.04.16	00:54:34.849	158.935	159.001			6
2026.04.16	00:54:35.149	158.934	159.000			6
2026.04.16	00:54:38.155	158.933	158.999			6
2026.04.16	00:54:38.455	158.932	158.994			6
2026.04.16	00:54:38.757	158.936	159.006			6
2026.04.16	00:54:39.657	158.942	159.008			6
2026.04.16	00:54:39.957	158.935	159.001			6
2026.04.16	00:54:40.559	158.938	159.004			6
2026.04.16	00:54:41.161	158.937	159.003			6
2026.04.16	00:54:41.463		158.994			4
2026.04.16	00:54:41.768		158.998			4
2026.04.16	00:54:43.275	158.935	158.992			6
2026.04.16	00:54:43.876		158.994			4
2026.04.16	00:54:44.176		158.995			4
2026.04.16	00:54:44.476		158.996			4
2026.04.16	00:54:45.079	158.934	158.997			6
2026.04.16	00:54:47.493	158.937				2
2026.04.16	00:54:47.794	158.939				2
2026.04.16	00:54:49.314	158.940	159.002			6
2026.04.16	00:54:49.616		158.999			4
2026.04.16	00:54:49.917		159.006			4
2026.04.16	00:54:52.323		158.998			4
2026.04.16	00:54:59.248	158.938	159.001			6
2026.04.16	00:54:59.548	158.937	158.998			6
2026.04.16	00:54:59.849		159.001			4
2026.04.16	00:55:00.148	158.937				2
2026.04.16	00:55:01.050		158.998			4
2026.04.16	00:55:01.350	158.938	159.001			6
2026.04.16	00:55:02.551		158.993			4
2026.04.16	00:55:02.851	158.941	159.002			6
2026.04.16	00:55:04.652	158.940				2
2026.04.16	00:55:06.155		158.995			4
2026.04.16	00:55:07.355	158.939				2
2026.04.16	00:55:09.771	158.938	158.990			6
2026.04.16	00:55:10.090		158.998			4
2026.04.16	00:55:14.898		158.992			4
2026.04.16	00:55:16.381	158.935				2
2026.04.16	00:55:16.679	158.936	158.995			6
2026.04.16	00:55:17.278	158.937	159.000			6
2026.04.16	00:55:18.183		158.993			4
2026.04.16	00:55:18.783	158.936	158.992			6
2026.04.16	00:55:19.084	158.932				2
2026.04.16	00:55:20.895	158.936	158.994			6
2026.04.16	00:55:21.200		158.995			4
2026.04.16	00:55:22.099		158.993			4
2026.04.16	00:55:27.222	158.937	158.994			6
2026.04.16	00:55:27.522		158.993			4
2026.04.16	00:55:27.823		158.991			4
2026.04.16	00:55:28.424		158.994			4
2026.04.16	00:55:29.325	158.938				2
2026.04.16	00:55:32.034		158.995			4
2026.04.16	00:55:38.353		158.994			4
2026.04.16	00:55:41.953	158.939				2
2026.04.16	00:55:42.251	158.937	158.995			6
2026.04.16	00:55:42.552		158.994			4
2026.04.16	00:55:47.357		158.988			4
2026.04.16	00:55:47.655	158.939	159.014			6
2026.04.16	00:55:47.955	158.940				2
2026.04.16	00:55:48.255	158.939	159.015			6
2026.04.16	00:55:54.277	158.941				2
2026.04.16	00:56:00.016	158.941				2
2026.04.16	00:56:00.316		159.011			4
2026.04.16	00:56:00.615		159.013			4
2026.04.16	00:56:03.627		159.015			4
2026.04.16	00:56:05.723	158.940	159.006			6
2026.04.16	00:56:06.324		158.998			4
2026.04.16	00:56:12.944		158.995			4
2026.04.16	00:56:13.249		158.994			4
2026.04.16	00:56:18.054	158.939				2
2026.04.16	00:56:20.456	158.937	158.995			6
2026.04.16	00:56:20.757		158.992			4
2026.04.16	00:56:22.560		158.995			4
2026.04.16	00:56:27.091	158.939				2
2026.04.16	00:56:29.503		159.015			4
2026.04.16	00:56:33.716		159.008			4
2026.04.16	00:56:34.620		159.013			4
2026.04.16	00:56:36.724		159.015			4
2026.04.16	00:56:41.539		159.009			4
2026.04.16	00:56:41.838	158.940				2
2026.04.16	00:56:44.545	158.939	159.005			6
2026.04.16	00:56:44.849		158.993			4
2026.04.16	00:56:45.149		158.994			4
2026.04.16	00:56:46.648		159.003			4
2026.04.16	00:56:46.948		159.008			4
2026.04.16	00:56:47.248	158.938	159.005			6
2026.04.16	00:56:48.148		159.002			4
2026.04.16	00:56:48.750		158.994			4
2026.04.16	00:56:49.351		159.005			4
2026.04.16	00:56:59.587		158.997			4
2026.04.16	00:57:00.191	158.938				2
2026.04.16	00:57:00.487		159.000			4
2026.04.16	00:57:06.205	158.933	158.999			6
2026.04.16	00:57:06.504	158.928				2
2026.04.16	00:57:06.811		158.998			4
2026.04.16	00:57:08.915		158.999			4
2026.04.16	00:57:09.519	158.926				2
2026.04.16	00:57:11.324		158.992			4
2026.04.16	00:57:11.629		158.998			4
2026.04.16	00:57:13.429	158.927				2
2026.04.16	00:57:14.636	158.925				2
2026.04.16	00:57:14.933		158.987			4
2026.04.16	00:57:19.139	158.923				2
2026.04.16	00:57:19.443	158.925	158.991			6
2026.04.16	00:57:26.351	158.926				2
2026.04.16	00:57:26.654		158.988			4
2026.04.16	00:57:30.269	158.925	158.995			6
2026.04.16	00:57:36.593	158.922				2
2026.04.16	00:57:38.402	158.923				2
2026.04.16	00:57:41.418	158.926				2
2026.04.16	00:57:42.322		158.994			4
2026.04.16	00:57:42.625		158.996			4
2026.04.16	00:57:47.130		158.998			4
2026.04.16	00:57:52.854		158.995			4
2026.04.16	00:57:55.251		158.998			4
2026.04.16	00:57:57.351		158.999			4
2026.04.16	00:58:00.063	158.926				2
2026.04.16	00:58:02.470	158.927				2
2026.04.16	00:58:12.411		158.998			4
2026.04.16	00:58:22.944	158.929	158.995			6
2026.04.16	00:58:27.452	158.937				2
2026.04.16	00:58:27.752	158.929				2
2026.04.16	00:58:28.052	158.937				2
2026.04.16	00:58:28.351	158.929				2
2026.04.16	00:58:28.653	158.937				2
2026.04.16	00:58:28.955	158.929				2
2026.04.16	00:58:29.259	158.937				2
2026.04.16	00:58:29.557	158.929				2
2026.04.16	00:58:30.152	158.937				2
2026.04.16	00:58:30.458	158.928	158.998			6
2026.04.16	00:58:30.758	158.937				2
2026.04.16	00:58:31.055	158.928				2
2026.04.16	00:58:35.559	158.927				2
2026.04.16	00:58:37.366	158.929	158.999			6
2026.04.16	00:58:37.667		158.988			4
2026.04.16	00:58:38.577	158.930				2
2026.04.16	00:58:40.397	158.929				2
2026.04.16	00:58:52.437	158.928	158.998			6
2026.04.16	00:58:56.648	158.924	159.000			6
2026.04.16	00:58:57.249	158.929	158.998			6
2026.04.16	00:58:57.547		158.989			4
2026.04.16	00:58:57.849	158.936				2
2026.04.16	00:58:58.151	158.929				2
2026.04.16	00:58:58.449	158.936	158.984			6
2026.04.16	00:58:58.751	158.929				2
2026.04.16	00:58:59.049	158.936				2
2026.04.16	00:58:59.649	158.929				2
2026.04.16	00:58:59.955	158.936				2
2026.04.16	00:59:00.257	158.929				2
2026.04.16	00:59:00.550	158.936				2
2026.04.16	00:59:00.856	158.929				2
2026.04.16	00:59:01.151	158.936				2
2026.04.16	00:59:01.452	158.929				2
2026.04.16	00:59:06.555	158.930	158.990			6
2026.04.16	00:59:08.357	158.929	158.994			6
2026.04.16	00:59:08.656		158.998			4
2026.04.16	00:59:18.303	158.927				2
2026.04.16	00:59:18.903		158.988			4
2026.04.16	00:59:19.214	158.929	158.990			6
2026.04.16	00:59:22.823		158.993			4
2026.04.16	00:59:23.423		158.994			4
2026.04.16	00:59:32.452		158.998			4
2026.04.16	00:59:42.374		158.996			4
2026.04.16	00:59:43.886		158.997			4
2026.04.16	00:59:48.099		158.991			4
2026.04.16	00:59:48.698		158.996			4
2026.04.16	00:59:50.513		158.997			4
2026.04.16	00:59:52.316		158.993			4
2026.04.16	00:59:54.421		158.995			4
2026.04.16	00:59:57.425	158.930	158.996			6
2026.04.16	00:59:59.834		158.998			4
2026.04.16	01:00:00.137	158.916	158.992			6
2026.04.16	01:00:00.435	158.914	158.980			6
2026.04.16	01:00:00.737	158.913	158.975			6
2026.04.16	01:00:01.338	158.911	158.972			6
2026.04.16	01:00:01.637	158.914				2
2026.04.16	01:00:02.540	158.891				2
2026.04.16	01:00:03.139		158.963			4
2026.04.16	01:00:03.440	158.890				2
2026.04.16	01:00:04.340	158.893	158.961			6
2026.04.16	01:00:04.941	158.913				2
2026.04.16	01:00:05.243	158.914				2
2026.04.16	01:00:05.544	158.901	158.944			6
2026.04.16	01:00:06.142		158.919			4
2026.04.16	01:00:06.741	158.905				2
2026.04.16	01:00:07.642		158.920			4
2026.04.16	01:00:07.943	158.904				2
2026.04.16	01:00:08.844		158.945			4
2026.04.16	01:00:09.143	158.905				2
2026.04.16	01:00:09.445		158.921			4
2026.04.16	01:00:10.346	158.904				2
2026.04.16	01:00:10.646		158.945			4
2026.04.16	01:00:11.246		158.921			4
2026.04.16	01:00:11.550	158.905				2
2026.04.16	01:00:12.151		158.922			4
2026.04.16	01:00:13.649		158.945			4
2026.04.16	01:00:14.549		158.923			4
2026.04.16	01:00:16.951	158.902				2
2026.04.16	01:00:18.454	158.903				2
2026.04.16	01:00:18.753	158.906				2
2026.04.16	01:00:20.856	158.907				2
2026.04.16	01:00:22.357	158.906				2
2026.04.16	01:00:23.560	158.907				2
2026.04.16	01:00:24.158		158.941			4
2026.04.16	01:00:27.766	158.908	158.924			6
2026.04.16	01:00:29.570	158.907				2
2026.04.16	01:00:33.483	158.908	158.947			6
2026.04.16	01:00:34.687		158.944			4
2026.04.16	01:00:34.988	158.909				2
2026.04.16	01:00:36.190	158.908				2
2026.04.16	01:00:36.492		158.942			4
2026.04.16	01:00:36.794		158.945			4
2026.04.16	01:00:37.392	158.912	158.957			6
2026.04.16	01:00:38.292	158.909	158.951			6
2026.04.16	01:00:41.902	158.908				2
2026.04.16	01:00:43.100	158.907	158.938			6
2026.04.16	01:00:43.402	158.906	158.936			6
2026.04.16	01:00:44.902	158.911	158.953			6
2026.04.16	01:00:45.204		158.959			4
2026.04.16	01:00:46.102		158.951			4
2026.04.16	01:00:48.207		158.950			4
2026.04.16	01:00:49.111	158.909	158.935			6
2026.04.16	01:00:53.313	158.912	158.953			6
2026.04.16	01:00:54.220	158.914	158.955			6
2026.04.16	01:00:54.516		158.957			4
2026.04.16	01:00:54.817	158.895	158.931			6
2026.04.16	01:00:55.117	158.893				2
2026.04.16	01:00:55.715	158.896				2
2026.04.16	01:00:56.317	158.893	158.928			6
2026.04.16	01:00:56.918		158.930			4
2026.04.16	01:00:57.820	158.894				2
2026.04.16	01:00:58.121		158.929			4
2026.04.16	01:00:59.327	158.899	158.932			6
2026.04.16	01:00:59.628	158.915	158.924			6
2026.04.16	01:00:59.926	158.913	158.922			6
2026.04.16	01:01:00.229	158.912	158.921			6
2026.04.16	01:01:01.127	158.913	158.922			6
2026.04.16	01:01:02.634	158.911	158.920			6
2026.04.16	01:01:03.231	158.917	158.926			6
2026.04.16	01:01:03.535	158.920	158.929			6
2026.04.16	01:01:04.740	158.921	158.930			6
2026.04.16	01:01:05.635	158.920	158.929			6
2026.04.16	01:01:11.940		158.927			4
2026.04.16	01:01:15.245	158.921				2
2026.04.16	01:01:17.050	158.920				2
2026.04.16	01:01:17.349	158.919				2
2026.04.16	01:01:26.055	158.922				2
2026.04.16	01:01:27.860	158.915	158.923			6
2026.04.16	01:01:28.156	158.911	158.919			6
2026.04.16	01:01:28.761		158.915			4
2026.04.16	01:01:31.457	158.905	158.912			6
2026.04.16	01:01:38.063	158.904				2
2026.04.16	01:01:44.677	158.896	158.904			6
2026.04.16	01:01:44.984	158.895	158.903			6
2026.04.16	01:01:45.583		158.902			4
2026.04.16	01:01:55.500	158.888	158.895			6
2026.04.16	01:01:55.800		158.893			4
2026.04.16	01:01:56.101		158.895			4
2026.04.16	01:01:56.702	158.889				2
2026.04.16	01:02:00.010	158.889				2
2026.04.16	01:02:00.315	158.890				2
2026.04.16	01:02:14.143	158.889				2
2026.04.16	01:02:14.440	158.890	158.896			6
2026.04.16	01:02:22.548		158.895			4
2026.04.16	01:02:22.851		158.896			4
2026.04.16	01:02:23.150	158.891				2
2026.04.16	01:02:23.449		158.895			4
2026.04.16	01:02:24.350		158.897			4
2026.04.16	01:02:24.650		158.895			4
2026.04.16	01:02:45.370		158.896			4
2026.04.16	01:02:47.177		158.895			4
2026.04.16	01:03:00.126	158.891				2
2026.04.16	01:03:15.450	158.890	158.894			6
2026.04.16	01:03:21.155	158.891	158.893			6
2026.04.16	01:03:21.454		158.895			4
2026.04.16	01:03:28.363		158.894			4
2026.04.16	01:03:28.668	158.880	158.883			6
2026.04.16	01:03:28.963	158.877	158.880			6
2026.04.16	01:03:29.264		158.881			4
2026.04.16	01:03:29.564		158.880			4
2026.04.16	01:03:31.671	158.866	158.871			6
2026.04.16	01:03:31.975	158.865	158.869			6
2026.04.16	01:03:32.275		158.868			4
2026.04.16	01:03:32.572		158.869			4
2026.04.16	01:03:32.875		158.870			4
2026.04.16	01:03:33.777	158.866				2
2026.04.16	01:03:34.979	158.869	158.873			6
2026.04.16	01:03:35.279	158.875	158.879			6
2026.04.16	01:03:43.400		158.878			4
2026.04.16	01:03:45.805		158.879			4
2026.04.16	01:03:46.406		158.880			4
2026.04.16	01:03:48.814	158.876	158.881			6
2026.04.16	01:03:50.619	158.877				2
2026.04.16	01:03:56.027	158.876	158.880			6
2026.04.16	01:03:56.326		158.879			4
2026.04.16	01:03:58.427		158.880			4
2026.04.16	01:04:00.238	158.876				2
2026.04.16	01:04:02.333		158.879			4
2026.04.16	01:04:02.635		158.880			4
2026.04.16	01:04:02.939	158.873	158.877			6
2026.04.16	01:04:03.236	158.866	158.870			6
2026.04.16	01:04:03.539		158.868			4
2026.04.16	01:04:04.735	158.865				2
2026.04.16	01:04:12.544	158.864				2
2026.04.16	01:04:12.847	158.865				2
2026.04.16	01:04:20.650		158.869			4
2026.04.16	01:04:26.655	158.875	158.878			6
2026.04.16	01:04:26.955		158.879			4
2026.04.16	01:04:27.555	158.876	158.877			6
2026.04.16	01:04:28.162		158.878			4
2026.04.16	01:04:33.876		158.879			4
2026.04.16	01:04:35.677		158.880			4
2026.04.16	01:04:40.788	158.877				2
2026.04.16	01:04:46.198	158.878				2
2026.04.16	01:04:46.499		158.879			4
2026.04.16	01:04:54.011	158.887	158.888			6
2026.04.16	01:04:54.306	158.889	158.891			6
2026.04.16	01:04:54.907		158.892			4
2026.04.16	01:04:55.208		158.893			4
2026.04.16	01:04:56.110	158.890	158.894			6
2026.04.16	01:05:00.015	158.890	158.893			6
2026.04.16	01:05:02.722		158.894			4
2026.04.16	01:05:07.226	158.891	158.895			6
2026.04.16	01:05:11.139	158.892				2
2026.04.16	01:05:21.949	158.891	158.894			6
2026.04.16	01:05:24.951	158.892	158.895			6
2026.04.16	01:05:26.152		158.894			4
2026.04.16	01:05:30.354	158.891	158.893			6
2026.04.16	01:05:39.377	158.892				2
2026.04.16	01:05:47.508	158.891	158.892			6
2026.04.16	01:05:51.725	158.892	158.893			6
2026.04.16	01:05:54.425	158.891	158.892			6
2026.04.16	01:05:55.327	158.892	158.893			6
2026.04.16	01:06:00.133	158.892				2
2026.04.16	01:06:07.645	158.895	158.896			6
2026.04.16	01:06:09.448	158.894	158.895			6
2026.04.16	01:06:09.748	158.892	158.893			6
2026.04.16	01:06:12.149	158.894	158.895			6
2026.04.16	01:06:12.750	158.893	158.894			6
2026.04.16	01:06:13.951	158.892	158.893			6
2026.04.16	01:06:21.459	158.893	158.894			6
2026.04.16	01:06:28.081	158.892	158.893			6
2026.04.16	01:06:28.983	158.893	158.894			6
2026.04.16	01:06:29.282	158.892	158.893			6
2026.04.16	01:06:29.586	158.893	158.894			6
2026.04.16	01:06:36.503	158.892	158.893			6
2026.04.16	01:06:45.836	158.894	158.895			6
2026.04.16	01:06:50.950	158.895	158.896			6
2026.04.16	01:07:00.263	158.895				2
2026.04.16	01:07:01.164	158.896	158.897			6
2026.04.16	01:07:02.966	158.895	158.896			6
2026.04.16	01:07:15.291	158.894	158.895			6
2026.04.16	01:07:34.841	158.893	158.894			6
2026.04.16	01:07:39.046	158.892	158.893			6
2026.04.16	01:07:51.655	158.894	158.895			6
2026.04.16	01:08:00.082	158.894				2
2026.04.16	01:08:03.694	158.896	158.897			6
2026.04.16	01:08:16.621	158.903	158.904			6
2026.04.16	01:08:16.927	158.907	158.908			6
2026.04.16	01:08:19.624	158.910	158.911			6
2026.04.16	01:08:19.927	158.911	158.912			6
2026.04.16	01:08:20.529	158.908	158.909			6
2026.04.16	01:08:20.827	158.906	158.907			6
2026.04.16	01:08:51.199	158.907	158.908			6
2026.04.16	01:08:51.495	158.908	158.909			6
2026.04.16	01:09:00.232	158.908				2
2026.04.16	01:09:02.336	158.909	158.910			6
2026.04.16	01:09:08.938	158.907	158.908			6
2026.04.16	01:09:09.244	158.906	158.907			6
2026.04.16	01:09:13.743	158.907	158.908			6
2026.04.16	01:09:14.648	158.906	158.907			6
2026.04.16	01:09:17.648	158.905	158.906			6
2026.04.16	01:09:19.151	158.906	158.907			6
2026.04.16	01:09:33.864	158.905	158.906			6
2026.04.16	01:09:40.180	158.906	158.907			6
2026.04.16	01:09:40.480	158.907	158.908			6
2026.04.16	01:09:41.982	158.906	158.907			6
2026.04.16	01:10:00.018	158.906				2
2026.04.16	01:10:00.613	158.905	158.906			6
2026.04.16	01:10:01.214	158.906	158.907			6
2026.04.16	01:10:03.315	158.905	158.906			6
2026.04.16	01:10:06.023	158.906	158.907			6
2026.04.16	01:11:00.107	158.906				2
2026.04.16	01:11:06.113	158.905	158.906			6
2026.04.16	01:11:21.446	158.896	158.897			6
2026.04.16	01:11:21.740	158.893	158.894			6
2026.04.16	01:11:31.655	158.892	158.893			6
2026.04.16	01:11:38.256	158.893	158.894			6
2026.04.16	01:11:49.990	158.892	158.893			6
2026.04.16	01:12:00.222	158.893	158.894			6
2026.04.16	01:12:11.338	158.892	158.893			6
2026.04.16	01:12:38.704	158.894	158.895			6
2026.04.16	01:12:51.036	158.893	158.894			6
2026.04.16	01:12:51.337	158.894	158.895			6
2026.04.16	01:12:56.142	158.895	158.896			6
2026.04.16	01:12:58.545	158.894	158.895			6
2026.04.16	01:12:59.144	158.893	158.894			6
2026.04.16	01:13:00.046	158.893				2
2026.04.16	01:13:59.261		158.894			4
2026.04.16	01:14:00.166	158.893				2
2026.04.16	01:14:03.465	158.894	158.895			6
2026.04.16	01:14:05.273	158.892	158.893			6
2026.04.16	01:14:09.787	158.893	158.894			6
2026.04.16	01:14:10.994	158.892	158.893			6
2026.04.16	01:14:12.506	158.893	158.894			6
2026.04.16	01:14:22.727	158.892	158.893			6
2026.04.16	01:14:25.734	158.893	158.894			6
2026.04.16	01:14:29.345	158.892	158.893			6
2026.04.16	01:14:39.552	158.893	158.894			6
2026.04.16	01:15:00.005	158.893				2
2026.04.16	01:15:01.812	158.895	158.896			6
2026.04.16	01:15:12.933	158.894	158.895			6
2026.04.16	01:15:13.834	158.895	158.896			6
2026.04.16	01:15:16.836	158.894	158.895			6
2026.04.16	01:15:20.441	158.893	158.894			6
2026.04.16	01:15:44.181	158.892	158.893			6
2026.04.16	01:15:45.984	158.893	158.894			6
2026.04.16	01:15:55.003	158.892	158.893			6
2026.04.16	01:16:00.125	158.892				2
2026.04.16	01:16:01.327	158.893	158.894			6
2026.04.16	01:16:04.027	158.894	158.895			6
2026.04.16	01:16:13.935	158.893	158.894			6
2026.04.16	01:16:22.644	158.892	158.893			6
2026.04.16	01:16:32.552	158.894	158.895			6
2026.04.16	01:16:44.873	158.893	158.894			6
2026.04.16	01:16:57.494	158.894	158.895			6
2026.04.16	01:17:00.220	158.894				2
2026.04.16	01:17:02.620	158.895	158.896			6
2026.04.16	01:17:03.216	158.894	158.895			6
2026.04.16	01:17:03.823	158.895	158.896			6
2026.04.16	01:17:04.720	158.894	158.895			6
2026.04.16	01:17:09.533	158.895	158.896			6
2026.04.16	01:17:18.848	158.894	158.895			6
2026.04.16	01:17:23.355	158.895	158.896			6
2026.04.16	01:17:24.852	158.894	158.895			6
2026.04.16	01:17:30.260	158.902	158.903			6
2026.04.16	01:17:30.556	158.906	158.907			6
2026.04.16	01:17:33.565	158.907	158.908			6
2026.04.16	01:17:37.471	158.906	158.907			6
2026.04.16	01:17:37.767	158.905	158.906			6
2026.04.16	01:17:38.067	158.906	158.907			6
2026.04.16	01:17:44.989	158.907	158.908			6
2026.04.16	01:17:45.890	158.906	158.907			6
2026.04.16	01:17:51.909	158.907	158.908			6
2026.04.16	01:17:52.207	158.917	158.918			6
2026.04.16	01:17:52.506	158.918	158.919			6
2026.04.16	01:17:54.018	158.919	158.920			6
2026.04.16	01:18:00.027	158.918	158.919			6
2026.04.16	01:18:03.630	158.919	158.920			6
2026.04.16	01:18:05.429	158.918	158.919			6
2026.04.16	01:18:13.842	158.919	158.920			6
2026.04.16	01:18:14.446	158.920	158.921			6
2026.04.16	01:18:16.245	158.918	158.919			6
2026.04.16	01:18:45.387	158.919	158.920			6
2026.04.16	01:18:46.893	158.918	158.919			6
2026.04.16	01:19:00.118	158.918				2
2026.04.16	01:19:10.638	158.917	158.918			6
2026.04.16	01:19:21.147	158.918	158.919			6
2026.04.16	01:20:00.220	158.919	158.920			6
2026.04.16	01:20:01.726	158.920	158.921			6
2026.04.16	01:20:04.124	158.918	158.919			6
2026.04.16	01:20:06.531	158.921	158.922			6
2026.04.16	01:20:07.127	158.920	158.921			6
2026.04.16	01:20:07.428	158.919	158.920			6
2026.04.16	01:20:08.337	158.918	158.919			6
2026.04.16	01:20:09.539	158.919	158.920			6
2026.04.16	01:20:15.250	158.929	158.930			6
2026.04.16	01:20:34.181	158.928	158.929			6
2026.04.16	01:20:40.189	158.919	158.920			6
2026.04.16	01:20:40.484	158.918	158.919			6
2026.04.16	01:20:40.785	158.917	158.918			6
2026.04.16	01:20:41.085	158.916	158.917			6
2026.04.16	01:20:55.824	158.915	158.916			6
2026.04.16	01:20:56.430	158.916	158.917			6
2026.04.16	01:20:58.531	158.917	158.918			6
2026.04.16	01:20:58.832	158.918	158.919			6
2026.04.16	01:21:00.041	158.918				2
2026.04.16	01:21:02.436	158.917	158.918			6
2026.04.16	01:21:22.872	158.916	158.917			6
2026.04.16	01:21:23.172	158.917	158.918			6
2026.04.16	01:21:23.475	158.908	158.909			6
2026.04.16	01:21:30.999	158.915	158.916			6
2026.04.16	01:21:31.298	158.917	158.918			6
2026.04.16	01:21:49.940	158.916	158.917			6
2026.04.16	01:21:50.846	158.917	158.918			6
2026.04.16	01:21:51.145	158.916	158.917			6
2026.04.16	01:21:56.250	158.915	158.916			6
2026.04.16	01:21:58.055	158.917	158.918			6
2026.04.16	01:22:00.153	158.917				2
2026.04.16	01:22:03.759	158.915	158.916			6
2026.04.16	01:22:04.362	158.916	158.917			6
2026.04.16	01:22:06.162	158.915	158.916			6
2026.04.16	01:22:11.560	158.908	158.909			6
2026.04.16	01:22:11.860	158.907	158.908			6
2026.04.16	01:22:15.180	158.906	158.907			6
2026.04.16	01:22:26.617	158.907	158.908			6
2026.04.16	01:22:36.833	158.906	158.907			6
2026.04.16	01:22:42.240	158.915	158.916			6
2026.04.16	01:22:44.348	158.916	158.917			6
2026.04.16	01:22:50.654	158.917	158.918			6
2026.04.16	01:23:00.280	158.917				2
2026.04.16	01:23:23.138	158.916	158.917			6
2026.04.16	01:24:00.102	158.916				2
2026.04.16	01:24:03.118	158.911	158.912			6
2026.04.16	01:24:03.409	158.906	158.907			6
2026.04.16	01:24:14.542	158.907	158.908			6
2026.04.16	01:24:15.141	158.905	158.906			6
2026.04.16	01:24:24.755	158.906	158.907			6
2026.04.16	01:24:53.338	158.907	158.908			6
2026.04.16	01:24:53.639	158.908	158.909			6
2026.04.16	01:25:00.252	158.908				2
2026.04.16	01:25:00.552	158.906	158.907			6
2026.04.16	01:25:07.755	158.907	158.908			6
2026.04.16	01:25:12.560	158.906	158.907			6
2026.04.16	01:25:16.784	158.905	158.906			6
2026.04.16	01:25:20.998	158.907	158.908			6
2026.04.16	01:25:21.303	158.906	158.907			6
2026.04.16	01:25:32.737	158.905	158.906			6
2026.04.16	01:25:42.052	158.906	158.907			6
2026.04.16	01:25:44.154	158.905	158.906			6
2026.04.16	01:25:54.080	158.906	158.907			6
2026.04.16	01:25:57.989	158.907	158.908			6
2026.04.16	01:26:00.093	158.907				2
2026.04.16	01:26:05.211	158.906	158.907			6
2026.04.16	01:26:13.318	158.905	158.906			6
2026.04.16	01:26:17.835	158.906	158.907			6
2026.04.16	01:26:25.645	158.905	158.906			6
2026.04.16	01:26:26.847	158.906	158.907			6
2026.04.16	01:26:30.148	158.907	158.908			6
2026.04.16	01:26:32.251	158.906	158.907			6
2026.04.16	01:26:33.451	158.905	158.906			6
2026.04.16	01:26:38.856	158.906	158.907			6
2026.04.16	01:26:39.459	158.907	158.908			6
2026.04.16	01:26:48.783	158.906	158.907			6
2026.04.16	01:26:50.887	158.907	158.908			6
2026.04.16	01:26:51.191	158.906	158.907			6
2026.04.16	01:27:00.224	158.906				2
2026.04.16	01:27:19.154	158.905	158.906			6
2026.04.16	01:27:20.358	158.906	158.907			6
2026.04.16	01:27:20.652	158.905	158.906			6
2026.04.16	01:27:26.959	158.906	158.907			6
2026.04.16	01:28:00.039	158.906				2
2026.04.16	01:28:03.039	158.905	158.906			6
2026.04.16	01:28:12.052	158.906	158.907			6
2026.04.16	01:28:12.352	158.905	158.906			6
2026.04.16	01:28:12.655	158.906	158.907			6
2026.04.16	01:28:35.501	158.905	158.906			6
2026.04.16	01:28:39.404	158.906	158.907			6
2026.04.16	01:28:42.721	158.905	158.906			6
2026.04.16	01:28:44.525	158.906	158.907			6
2026.04.16	01:28:51.135		158.910			4
2026.04.16	01:28:52.338		158.907			4
2026.04.16	01:28:55.648	158.905	158.906			6
2026.04.16	01:28:56.248	158.906	158.907			6
2026.04.16	01:29:00.151	158.906				2
2026.04.16	01:29:00.751	158.905	158.906			6
2026.04.16	01:29:09.761	158.906	158.907			6
2026.04.16	01:29:30.835	158.907	158.908			6
2026.04.16	01:29:31.435	158.906	158.907			6
2026.04.16	01:29:31.735	158.907	158.908			6
2026.04.16	01:29:34.443	158.906	158.907			6
2026.04.16	01:29:40.748	158.907	158.908			6
2026.04.16	01:29:48.256	158.906	158.907			6
2026.04.16	01:29:52.768	158.907	158.908			6
2026.04.16	01:30:00.290	158.907				2
2026.04.16	01:30:02.393	158.906	158.907			6
2026.04.16	01:30:04.499	158.912	158.913			6
2026.04.16	01:30:04.802	158.918	158.919			6
2026.04.16	01:30:06.909	158.916	158.917			6
2026.04.16	01:30:07.210	158.915	158.916			6
2026.04.16	01:30:12.329	158.916	158.917			6
2026.04.16	01:30:15.336	158.915	158.916			6
2026.04.16	01:30:19.241	158.916	158.917			6
2026.04.16	01:30:19.538	158.915	158.916			6
2026.04.16	01:30:31.255	158.914	158.915			6
2026.04.16	01:30:31.856	158.916	158.917			6
2026.04.16	01:30:32.156	158.915	158.916			6
2026.04.16	01:30:41.769	158.905	158.906			6
2026.04.16	01:30:42.071	158.903	158.904			6
2026.04.16	01:30:46.880	158.904	158.905			6
2026.04.16	01:30:50.790	158.903	158.904			6
2026.04.16	01:30:51.091	158.902	158.903			6
2026.04.16	01:30:51.391	158.903	158.904			6
2026.04.16	01:30:51.692	158.904	158.905			6
2026.04.16	01:31:00.115	158.904				2
2026.04.16	01:31:05.524	158.907	158.908			6
2026.04.16	01:31:05.824	158.911	158.912			6
2026.04.16	01:31:10.933	158.910	158.911			6
2026.04.16	01:31:13.635	158.911	158.912			6
2026.04.16	01:31:20.853	158.910	158.911			6
2026.04.16	01:31:23.850	158.911	158.912			6
2026.04.16	01:31:31.958	158.910	158.911			6
2026.04.16	01:31:32.556	158.911	158.912			6
2026.04.16	01:31:41.572	158.913	158.914			6
2026.04.16	01:31:46.382	158.914	158.915			6
2026.04.16	01:31:53.608	158.915	158.916			6
2026.04.16	01:31:54.809	158.905	158.906			6
2026.04.16	01:31:55.113	158.902	158.903			6
2026.04.16	01:32:00.225	158.903	158.904			6
2026.04.16	01:32:02.033	158.904	158.905			6
2026.04.16	01:32:02.331	158.905	158.906			6
2026.04.16	01:32:03.836	158.901	158.902			6
2026.04.16	01:32:04.132	158.902	158.903			6
2026.04.16	01:32:05.034	158.901	158.902			6
2026.04.16	01:32:05.334	158.904	158.905			6
2026.04.16	01:32:06.835	158.902	158.903			6
2026.04.16	01:32:10.448	158.901	158.905			6
2026.04.16	01:32:10.752	158.902	158.907			6
2026.04.16	01:32:12.250		158.903			4
2026.04.16	01:32:14.051	158.903	158.904			6
2026.04.16	01:32:14.352	158.902	158.903			6
2026.04.16	01:32:16.759	158.901	158.902			6
2026.04.16	01:32:17.055	158.902	158.903			6
2026.04.16	01:32:18.860	158.903	158.904			6
2026.04.16	01:32:19.163	158.902	158.903			6
2026.04.16	01:32:19.459	158.903	158.904			6
2026.04.16	01:32:19.758	158.902	158.903			6
2026.04.16	01:32:20.058	158.903	158.904			6
2026.04.16	01:32:20.659	158.902	158.903			6
2026.04.16	01:32:20.958	158.903	158.904			6
2026.04.16	01:32:21.268	158.902	158.903			6
2026.04.16	01:32:21.561	158.903	158.904			6
2026.04.16	01:32:21.865	158.902	158.903			6
2026.04.16	01:32:22.167	158.903	158.904			6
2026.04.16	01:32:22.461	158.902	158.903			6
2026.04.16	01:32:25.773	158.901	158.902			6
2026.04.16	01:32:26.676	158.902	158.903			6
2026.04.16	01:32:32.398	158.903	158.904			6
2026.04.16	01:32:32.697	158.902	158.903			6
2026.04.16	01:32:35.407	158.903	158.904			6
2026.04.16	01:32:41.125	158.902	158.903			6
2026.04.16	01:32:42.025	158.904	158.905			6
2026.04.16	01:32:42.324	158.903	158.904			6
2026.04.16	01:32:44.431	158.902	158.903			6
2026.04.16	01:32:47.737	158.903	158.904			6
2026.04.16	01:32:48.336	158.904	158.905			6
2026.04.16	01:32:48.634	158.903	158.904			6
2026.04.16	01:32:49.836	158.904	158.905			6
2026.04.16	01:32:50.139	158.903	158.904			6
2026.04.16	01:32:50.440	158.904	158.905			6
2026.04.16	01:32:50.738	158.903	158.904			6
2026.04.16	01:32:51.941	158.902	158.903			6
2026.04.16	01:32:53.443	158.903	158.904			6
2026.04.16	01:32:55.538	158.902	158.903			6
2026.04.16	01:32:56.439	158.903	158.904			6
2026.04.16	01:32:56.741	158.902	158.903			6
2026.04.16	01:32:57.045	158.901	158.902			6
2026.04.16	01:32:57.646	158.903	158.904			6
2026.04.16	01:33:00.056	158.903				2
2026.04.16	01:33:00.645	158.902	158.903			6
2026.04.16	01:33:01.245	158.901	158.902			6
2026.04.16	01:33:02.446	158.902	158.903			6
2026.04.16	01:33:05.750	158.901	158.902			6
2026.04.16	01:33:12.365	158.902	158.903			6
2026.04.16	01:33:17.167	158.901	158.902			6
2026.04.16	01:33:19.272	158.902	158.903			6
2026.04.16	01:33:28.007	158.903	158.904			6
2026.04.16	01:33:28.310	158.902	158.903			6
2026.04.16	01:33:28.607	158.901	158.902			6
2026.04.16	01:33:41.838	158.902	158.903			6
2026.04.16	01:33:43.639	158.901	158.902			6
2026.04.16	01:33:45.451	158.902	158.903			6
2026.04.16	01:33:49.950	158.904	158.905			6
2026.04.16	01:33:54.454	158.903	158.904			6
2026.04.16	01:33:57.158	158.894	158.895			6
2026.04.16	01:33:57.456	158.897	158.898			6
2026.04.16	01:33:57.765	158.895	158.896			6
2026.04.16	01:33:58.959	158.896	158.897			6
2026.04.16	01:34:00.163	158.896				2
2026.04.16	01:34:02.259	158.892	158.893			6
2026.04.16	01:34:03.462	158.893	158.894			6
2026.04.16	01:34:03.763	158.894	158.895			6
2026.04.16	01:34:04.364	158.897	158.898			6
2026.04.16	01:34:09.179	158.898	158.899			6
2026.04.16	01:34:09.481	158.897	158.898			6
2026.04.16	01:34:09.782	158.898	158.899			6
2026.04.16	01:34:12.182	158.897	158.898			6
2026.04.16	01:34:14.288	158.898	158.899			6
2026.04.16	01:34:14.593	158.899	158.900			6
2026.04.16	01:34:14.889	158.901	158.902			6
2026.04.16	01:34:15.190	158.900	158.901			6
2026.04.16	01:34:16.095	158.901	158.902			6
2026.04.16	01:34:16.395	158.902	158.903			6
2026.04.16	01:34:19.403	158.901	158.902			6
2026.04.16	01:34:21.514	158.902	158.903			6
2026.04.16	01:34:22.416		158.907			4
2026.04.16	01:34:24.219		158.903			4
2026.04.16	01:34:25.421	158.901	158.902			6
2026.04.16	01:34:31.128	158.902	158.903			6
2026.04.16	01:34:32.030	158.901	158.902			6
2026.04.16	01:34:38.045	158.902	158.903			6
2026.04.16	01:34:47.055	158.901	158.902			6
2026.04.16	01:34:47.352	158.903	158.904			6
2026.04.16	01:34:47.652	158.902	158.903			6
2026.04.16	01:34:47.957	158.901	158.902			6
2026.04.16	01:34:48.851	158.902	158.903			6
2026.04.16	01:34:49.752	158.901	158.902			6
2026.04.16	01:34:52.455	158.900	158.901			6
2026.04.16	01:34:52.755	158.901	158.902			6
2026.04.16	01:34:53.056	158.900	158.901			6
2026.04.16	01:34:53.957	158.901	158.902			6
2026.04.16	01:34:54.256	158.902	158.903			6
2026.04.16	01:34:54.557	158.901	158.902			6
2026.04.16	01:34:54.857	158.902	158.903			6
2026.04.16	01:35:00.291	158.902				2
2026.04.16	01:35:02.696	158.900	158.901			6
2026.04.16	01:35:04.507	158.902	158.903			6
2026.04.16	01:35:04.805	158.901	158.902			6
2026.04.16	01:35:10.824	158.902	158.903			6
2026.04.16	01:35:11.125	158.901	158.902			6
2026.04.16	01:35:11.726	158.902	158.903			6
2026.04.16	01:35:16.536	158.901	158.902			6
2026.04.16	01:35:20.440	158.903	158.904			6
2026.04.16	01:35:27.350	158.902	158.903			6
2026.04.16	01:35:28.553	158.901	158.902			6
2026.04.16	01:35:29.154	158.902	158.903			6
2026.04.16	01:35:30.651	158.901	158.902			6
2026.04.16	01:35:31.251	158.902	158.903			6
2026.04.16	01:35:34.856	158.901	158.902			6
2026.04.16	01:35:36.060	158.902	158.903			6
2026.04.16	01:35:36.362	158.901	158.902			6
2026.04.16	01:35:36.658	158.902	158.903			6
2026.04.16	01:35:40.570	158.900	158.901			6
2026.04.16	01:35:40.872	158.901	158.902			6
2026.04.16	01:35:42.675	158.902	158.903			6
2026.04.16	01:35:43.274	158.901	158.902			6
2026.04.16	01:35:44.470	158.902	158.903			6
2026.04.16	01:35:46.872	158.901	158.902			6
2026.04.16	01:35:47.775	158.902	158.903			6
2026.04.16	01:35:59.196	158.903	158.904			6
2026.04.16	01:36:00.097	158.903				2
2026.04.16	01:36:01.298	158.902	158.903			6
2026.04.16	01:36:03.105	158.901	158.902			6
2026.04.16	01:36:04.302	158.902	158.903			6
2026.04.16	01:36:05.204	158.901	158.902			6
2026.04.16	01:36:06.106	158.902	158.903			6
2026.04.16	01:36:10.326	158.903	158.904			6
2026.04.16	01:36:11.829	158.904	158.905			6
2026.04.16	01:36:12.130	158.903	158.904			6
2026.04.16	01:36:16.035	158.902	158.903			6
2026.04.16	01:36:20.543	158.903	158.904			6
2026.04.16	01:36:20.843	158.902	158.903			6
2026.04.16	01:36:23.549	158.903	158.904			6
2026.04.16	01:36:24.755	158.904	158.905			6
2026.04.16	01:36:34.062	158.903	158.904			6
2026.04.16	01:36:34.958	158.904	158.905			6
2026.04.16	01:36:37.672	158.903	158.904			6
2026.04.16	01:36:39.773	158.904	158.905			6
2026.04.16	01:36:42.174	158.903	158.904			6
2026.04.16	01:36:44.282	158.904	158.905			6
2026.04.16	01:36:46.386	158.903	158.904			6
2026.04.16	01:36:48.796	158.904	158.905			6
2026.04.16	01:36:51.206	158.903	158.904			6
2026.04.16	01:36:53.618	158.904	158.905			6
2026.04.16	01:36:54.514	158.905	158.906			6
2026.04.16	01:36:55.716	158.904	158.905			6
2026.04.16	01:37:00.231	158.904				2
2026.04.16	01:37:00.830	158.903	158.904			6
2026.04.16	01:37:02.329	158.901	158.902			6
2026.04.16	01:37:08.037	158.902	158.903			6
2026.04.16	01:37:34.783	158.901	158.902			6
2026.04.16	01:37:35.388	158.902	158.903			6
2026.04.16	01:37:35.686	158.901	158.902			6
2026.04.16	01:37:43.215	158.902	158.903			6
2026.04.16	01:37:46.830	158.901	158.902			6
2026.04.16	01:37:49.538	158.902	158.903			6
2026.04.16	01:38:00.053	158.902				2
2026.04.16	01:38:05.158	158.901	158.902			6
2026.04.16	01:38:06.059	158.902	158.903			6
2026.04.16	01:38:07.561	158.901	158.902			6
2026.04.16	01:38:13.579	158.902	158.903			6
2026.04.16	01:38:16.593	158.901	158.902			6
2026.04.16	01:38:17.491	158.902	158.903			6
2026.04.16	01:38:18.092	158.901	158.902			6
2026.04.16	01:38:25.310	158.902	158.903			6
2026.04.16	01:38:33.429	158.901	158.902			6
2026.04.16	01:38:41.539	158.902	158.903			6
2026.04.16	01:38:42.443	158.901	158.902			6
2026.04.16	01:38:48.449	158.902	158.903			6
2026.04.16	01:38:49.649	158.901	158.902			6
2026.04.16	01:38:51.151	158.902	158.903			6
2026.04.16	01:38:53.253	158.901	158.902			6
2026.04.16	01:39:00.159	158.901				2
2026.04.16	01:39:10.377	158.902	158.903			6
2026.04.16	01:39:30.503	158.901	158.902			6
2026.04.16	01:39:53.336	158.892	158.893			6
2026.04.16	01:39:53.636	158.891	158.892			6
2026.04.16	01:39:54.537	158.889	158.890			6
2026.04.16	01:39:54.837	158.890	158.891			6
2026.04.16	01:40:00.242	158.890				2
2026.04.16	01:40:01.441	158.889	158.890			6
2026.04.16	01:40:14.052	158.888	158.889			6
2026.04.16	01:40:15.554	158.889	158.890			6
2026.04.16	01:40:17.956	158.888	158.889			6
2026.04.16	01:40:21.259	158.889	158.890			6
2026.04.16	01:40:33.598	158.890	158.891			6
2026.04.16	01:40:44.429	158.889	158.890			6
2026.04.16	01:40:46.831	158.888	158.889			6
2026.04.16	01:40:49.836	158.889	158.890			6
2026.04.16	01:40:57.343	158.890	158.891			6
2026.04.16	01:40:57.644	158.889	158.890			6
2026.04.16	01:40:57.945	158.890	158.891			6
2026.04.16	01:40:59.447	158.889	158.890			6
2026.04.16	01:41:00.047	158.889				2
2026.04.16	01:41:10.857	158.890	158.891			6
2026.04.16	01:41:13.262	158.889	158.890			6
2026.04.16	01:41:16.876	158.888	158.889			6
2026.04.16	01:41:17.777	158.887	158.888			6
2026.04.16	01:41:23.789	158.889	158.890			6
2026.04.16	01:41:35.523	158.890	158.891			6
2026.04.16	01:42:00.149	158.890				2
2026.04.16	01:42:02.557	158.892	158.893			6
2026.04.16	01:42:03.458	158.891	158.892			6
2026.04.16	01:42:16.396	158.890	158.891			6
2026.04.16	01:42:19.403	158.889	158.890			6
2026.04.16	01:42:25.716	158.888	158.889			6
2026.04.16	01:42:41.952	158.889	158.890			6
2026.04.16	01:42:42.552	158.888	158.889			6
2026.04.16	01:42:42.855	158.887	158.888			6
2026.04.16	01:42:43.152	158.888	158.889			6
2026.04.16	01:42:47.956	158.887	158.888			6
2026.04.16	01:42:49.157	158.888	158.889			6
2026.04.16	01:42:57.574	158.889	158.890			6
2026.04.16	01:43:00.287	158.889				2
2026.04.16	01:43:09.608	158.888	158.889			6
2026.04.16	01:43:11.417	158.887	158.888			6
2026.04.16	01:43:18.037	158.881	158.882			6
2026.04.16	01:43:18.331	158.879	158.880			6
2026.04.16	01:43:18.631	158.878	158.879			6
2026.04.16	01:43:19.833	158.877	158.878			6
2026.04.16	01:43:22.241	158.878	158.879			6
2026.04.16	01:43:26.145	158.877	158.878			6
2026.04.16	01:43:38.152	158.878	158.879			6
2026.04.16	01:43:54.080	158.877	158.878			6
2026.04.16	01:43:54.381	158.878	158.879			6
2026.04.16	01:44:00.093	158.878				2
2026.04.16	01:44:05.203	158.877	158.878			6
2026.04.16	01:44:18.139	158.878	158.879			6
2026.04.16	01:44:18.448	158.887	158.888			6
2026.04.16	01:44:18.740	158.890	158.891			6
2026.04.16	01:44:19.339	158.889	158.890			6
2026.04.16	01:44:25.348	158.890	158.891			6
2026.04.16	01:44:25.650	158.889	158.890			6
2026.04.16	01:44:29.555	158.891	158.892			6
2026.04.16	01:44:32.558	158.890	158.891			6
2026.04.16	01:44:34.663	158.889	158.890			6
2026.04.16	01:44:34.965	158.890	158.891			6
2026.04.16	01:44:35.263	158.889	158.890			6
2026.04.16	01:44:37.979	158.890	158.891			6
2026.04.16	01:44:41.593	158.889	158.890			6
2026.04.16	01:44:41.895	158.890	158.891			6
2026.04.16	01:44:43.395	158.889	158.890			6
2026.04.16	01:44:43.996	158.890	158.891			6
2026.04.16	01:44:44.303	158.889	158.890			6
2026.04.16	01:44:49.421	158.890	158.891			6
2026.04.16	01:44:55.134	158.889	158.890			6
2026.04.16	01:44:55.733	158.888	158.889			6
2026.04.16	01:44:56.037	158.889	158.890			6
2026.04.16	01:44:56.335	158.890	158.891			6
2026.04.16	01:44:57.239	158.889	158.890			6
2026.04.16	01:44:57.840	158.890	158.891			6
2026.04.16	01:44:58.138	158.889	158.890			6
2026.04.16	01:45:00.238	158.888	158.889			6
2026.04.16	01:45:00.539	158.889	158.890			6
2026.04.16	01:45:01.438	158.888	158.889			6
2026.04.16	01:45:01.738	158.890	158.891			6
2026.04.16	01:45:05.048	158.889	158.890			6
2026.04.16	01:45:08.049	158.890	158.891			6
2026.04.16	01:45:09.546	158.891	158.892			6
2026.04.16	01:45:09.847	158.890	158.891			6
2026.04.16	01:45:19.225	158.891	158.892			6
2026.04.16	01:45:30.348	158.890	158.891			6
2026.04.16	01:45:41.458	158.891	158.892			6
2026.04.16	01:45:46.566	158.890	158.891			6
2026.04.16	01:45:54.686	158.889	158.890			6
2026.04.16	01:46:00.104	158.889				2
2026.04.16	01:46:04.911	158.890	158.891			6
2026.04.16	01:46:08.221	158.889	158.890			6
2026.04.16	01:46:10.625	158.883	158.884			6
2026.04.16	01:46:10.923	158.878	158.879			6
2026.04.16	01:46:11.526	158.879	158.880			6
2026.04.16	01:46:18.738	158.878	158.879			6
2026.04.16	01:46:19.339	158.866	158.867			6
2026.04.16	01:46:19.640	158.869	158.870			6
2026.04.16	01:46:19.940	158.871	158.872			6
2026.04.16	01:46:20.241	158.868	158.869			6
2026.04.16	01:46:20.541	158.867	158.868			6
2026.04.16	01:46:21.142	158.866	158.867			6
2026.04.16	01:46:21.443	158.865	158.866			6
2026.04.16	01:46:24.747	158.866	158.867			6
2026.04.16	01:46:28.653	158.867	158.868			6
2026.04.16	01:46:28.951	158.868	158.869			6
2026.04.16	01:46:30.755	158.866	158.867			6
2026.04.16	01:46:31.056	158.865	158.866			6
2026.04.16	01:46:31.357	158.866	158.867			6
2026.04.16	01:46:31.957	158.867	158.868			6
2026.04.16	01:46:33.460	158.871	158.872			6
2026.04.16	01:46:33.760	158.869	158.870			6
2026.04.16	01:46:37.964	158.870	158.871			6
2026.04.16	01:46:38.865	158.869	158.870			6
2026.04.16	01:46:39.166	158.870	158.871			6
2026.04.16	01:46:49.704	158.869	158.870			6
2026.04.16	01:46:51.808	158.867	158.868			6
2026.04.16	01:46:52.109	158.865	158.866			6
2026.04.16	01:46:54.518	158.866	158.867			6
2026.04.16	01:46:57.524	158.865	158.866			6
2026.04.16	01:46:59.932	158.866	158.867			6
2026.04.16	01:47:00.233	158.866				2
2026.04.16	01:47:00.534	158.865	158.866			6
2026.04.16	01:47:00.837	158.866	158.867			6
2026.04.16	01:47:04.140	158.865	158.866			6
2026.04.16	01:47:04.740	158.866	158.867			6
2026.04.16	01:47:06.245	158.865	158.866			6
2026.04.16	01:47:06.842	158.864	158.865			6
2026.04.16	01:47:08.347	158.865	158.866			6
2026.04.16	01:47:08.947	158.864	158.865			6
2026.04.16	01:47:09.249	158.865	158.866			6
2026.04.16	01:47:10.751	158.864	158.865			6
2026.04.16	01:47:12.561	158.863	158.864			6
2026.04.16	01:47:12.858	158.862	158.863			6
2026.04.16	01:47:23.378	158.863	158.864			6
2026.04.16	01:47:27.283	158.864	158.865			6
2026.04.16	01:47:27.886	158.863	158.864			6
2026.04.16	01:47:31.492	158.862	158.863			6
2026.04.16	01:47:31.794	158.863	158.864			6
2026.04.16	01:47:32.397	158.862	158.863			6
2026.04.16	01:47:33.300	158.863	158.864			6
2026.04.16	01:47:34.197	158.864	158.865			6
2026.04.16	01:47:34.504	158.863	158.864			6
2026.04.16	01:47:35.406	158.864	158.865			6
2026.04.16	01:47:41.728	158.863	158.864			6
2026.04.16	01:47:42.629	158.862	158.863			6
2026.04.16	01:47:45.030	158.863	158.864			6
2026.04.16	01:47:45.334	158.862	158.863			6
2026.04.16	01:47:46.236	158.863	158.864			6
2026.04.16	01:47:46.537	158.862	158.863			6
2026.04.16	01:47:46.837	158.863	158.864			6
2026.04.16	01:47:47.135	158.862	158.863			6
2026.04.16	01:47:47.434	158.861	158.862			6
2026.04.16	01:47:47.735	158.863	158.864			6
2026.04.16	01:47:49.244	158.862	158.863			6
2026.04.16	01:47:50.439	158.863	158.864			6
2026.04.16	01:47:51.340	158.862	158.863			6
2026.04.16	01:47:55.848	158.863	158.864			6
2026.04.16	01:47:56.150	158.862	158.863			6
2026.04.16	01:47:57.048	158.863	158.864			6
2026.04.16	01:47:57.347	158.862	158.863			6
2026.04.16	01:47:57.948	158.863	158.864			6
2026.04.16	01:48:00.050	158.863				2
2026.04.16	01:48:00.951	158.862	158.863			6
2026.04.16	01:48:01.852	158.861	158.862			6
2026.04.16	01:48:02.151	158.862	158.863			6
2026.04.16	01:48:06.666	158.864	158.865			6
2026.04.16	01:48:06.963	158.863	158.864			6
2026.04.16	01:48:07.568	158.864	158.865			6
2026.04.16	01:48:08.174	158.865	158.866			6
2026.04.16	01:48:09.076	158.864	158.865			6
2026.04.16	01:48:11.781	158.865	158.866			6
2026.04.16	01:48:13.886	158.864	158.865			6
2026.04.16	01:48:14.787	158.865	158.866			6
2026.04.16	01:48:15.398	158.864	158.865			6
2026.04.16	01:48:17.196	158.865	158.866			6
2026.04.16	01:48:18.701	158.864	158.865			6
2026.04.16	01:48:18.999	158.865	158.866			6
2026.04.16	01:48:19.902	158.864	158.865			6
2026.04.16	01:48:20.507	158.865	158.866			6
2026.04.16	01:48:22.008	158.864	158.865			6
2026.04.16	01:48:22.308	158.865	158.866			6
2026.04.16	01:48:22.909	158.864	158.865			6
2026.04.16	01:48:23.511	158.865	158.866			6
2026.04.16	01:48:25.016	158.864	158.865			6
2026.04.16	01:48:35.540	158.865	158.866			6
2026.04.16	01:48:35.846	158.864	158.865			6
2026.04.16	01:48:37.648	158.865	158.866			6
2026.04.16	01:48:38.250	158.864	158.865			6
2026.04.16	01:48:38.546	158.857	158.858			6
2026.04.16	01:48:38.845	158.854	158.855			6
2026.04.16	01:48:39.145	158.861	158.862			6
2026.04.16	01:48:39.448	158.863	158.864			6
2026.04.16	01:48:39.746	158.862	158.863			6
2026.04.16	01:48:40.051	158.863	158.864			6
2026.04.16	01:48:45.454	158.862	158.863			6
2026.04.16	01:48:47.256	158.864	158.865			6
2026.04.16	01:48:47.557	158.862	158.863			6
2026.04.16	01:48:50.556	158.863	158.864			6
2026.04.16	01:48:59.278	158.864	158.865			6
2026.04.16	01:48:59.882	158.863	158.864			6
2026.04.16	01:49:00.184	158.863				2
2026.04.16	01:49:00.485	158.862	158.863			6
2026.04.16	01:49:01.091	158.863	158.864			6
2026.04.16	01:49:01.693	158.861	158.862			6
2026.04.16	01:49:05.910	158.863	158.864			6
2026.04.16	01:49:07.109	158.862	158.863			6
2026.04.16	01:49:09.513	158.863	158.864			6
2026.04.16	01:49:14.937	158.865	158.866			6
2026.04.16	01:49:15.232	158.864	158.865			6
2026.04.16	01:49:15.534	158.863	158.864			6
2026.04.16	01:49:22.450	158.864	158.865			6
2026.04.16	01:49:22.749	158.862	158.863			6
2026.04.16	01:49:23.049	158.864	158.865			6
2026.04.16	01:49:24.250	158.862	158.863			6
2026.04.16	01:49:24.552	158.863	158.864			6
2026.04.16	01:49:26.650	158.862	158.863			6
2026.04.16	01:49:29.657	158.863	158.864			6
2026.04.16	01:49:29.961	158.864	158.865			6
2026.04.16	01:49:30.258	158.865	158.866			6
2026.04.16	01:49:30.862	158.864	158.865			6
2026.04.16	01:49:31.160	158.865	158.866			6
2026.04.16	01:49:31.765	158.864	158.865			6
2026.04.16	01:49:32.065	158.863	158.864			6
2026.04.16	01:49:35.377	158.862	158.863			6
2026.04.16	01:49:36.280	158.865	158.866			6
2026.04.16	01:49:36.582	158.863	158.864			6
2026.04.16	01:49:37.185	158.864	158.865			6
2026.04.16	01:49:37.482	158.863	158.864			6
2026.04.16	01:49:38.085	158.864	158.865			6
2026.04.16	01:49:39.588	158.863	158.864			6
2026.04.16	01:49:43.501	158.864	158.865			6
2026.04.16	01:49:48.327	158.862	158.863			6
2026.04.16	01:49:52.835	158.863	158.864			6
2026.04.16	01:49:59.150	158.862	158.863			6
2026.04.16	01:50:00.053	158.862				2
2026.04.16	01:50:02.750	158.863	158.864			6
2026.04.16	01:50:04.258	158.865	158.866			6
2026.04.16	01:50:04.553	158.864	158.865			6
2026.04.16	01:50:14.470	158.865	158.866			6
2026.04.16	01:50:15.072	158.864	158.865			6
2026.04.16	01:50:15.375	158.865	158.866			6
2026.04.16	01:50:20.786	158.864	158.865			6
2026.04.16	01:50:24.397	158.863	158.864			6
2026.04.16	01:50:29.202	158.864	158.865			6
2026.04.16	01:50:29.503	158.863	158.864			6
2026.04.16	01:50:32.520	158.862	158.863			6
2026.04.16	01:50:34.316	158.864	158.865			6
2026.04.16	01:50:40.628	158.863	158.864			6
2026.04.16	01:50:52.343	158.864	158.865			6
2026.04.16	01:50:57.451	158.863	158.864			6
2026.04.16	01:51:00.162	158.863				2
2026.04.16	01:51:04.061	158.864	158.865			6
2026.04.16	01:51:04.357	158.865	158.866			6
2026.04.16	01:51:07.066	158.864	158.865			6
2026.04.16	01:51:16.391	158.866	158.867			6
2026.04.16	01:51:16.992	158.865	158.866			6
2026.04.16	01:51:17.295	158.864	158.865			6
2026.04.16	01:51:17.897	158.865	158.866			6
2026.04.16	01:51:25.428	158.863	158.864			6
2026.04.16	01:51:27.225	158.862	158.863			6
2026.04.16	01:51:29.331	158.863	158.864			6
2026.04.16	01:51:31.435	158.864	158.865			6
2026.04.16	01:51:33.838	158.867	158.868			6
2026.04.16	01:51:34.138	158.870	158.871			6
2026.04.16	01:51:35.938	158.871	158.872			6
2026.04.16	01:51:36.539	158.872	158.873			6
2026.04.16	01:51:37.441	158.871	158.872			6
2026.04.16	01:51:40.147	158.869	158.870			6
2026.04.16	01:51:40.449	158.867	158.868			6
2026.04.16	01:51:41.351	158.868	158.869			6
2026.04.16	01:51:49.752	158.867	158.868			6
2026.04.16	01:51:50.355	158.868	158.869			6
2026.04.16	01:51:52.759	158.867	158.868			6
2026.04.16	01:51:54.560	158.868	158.869			6
2026.04.16	01:51:56.055	158.876	158.877			6
2026.04.16	01:51:59.060	158.875	158.876			6
2026.04.16	01:52:00.261	158.875				2
2026.04.16	01:52:01.463	158.876	158.877			6
2026.04.16	01:52:01.766	158.875	158.876			6
2026.04.16	01:52:02.062	158.876	158.877			6
2026.04.16	01:52:07.779	158.877	158.878			6
2026.04.16	01:52:08.078	158.876	158.877			6
2026.04.16	01:52:08.984	158.875	158.876			6
2026.04.16	01:52:16.205	158.876	158.877			6
2026.04.16	01:52:21.029	158.869	158.870			6
2026.04.16	01:52:21.327	158.868	158.869			6
2026.04.16	01:52:21.629	158.866	158.867			6
2026.04.16	01:52:21.927	158.865	158.866			6
2026.04.16	01:52:23.730	158.866	158.868			6
2026.04.16	01:52:24.628	158.865	158.866			6
2026.04.16	01:52:26.433		158.867			4
2026.04.16	01:52:26.733		158.866			4
2026.04.16	01:52:36.649	158.866	158.868			6
2026.04.16	01:52:38.751	158.865	158.867			6
2026.04.16	01:52:39.652		158.866			4
2026.04.16	01:52:39.951	158.864	158.865			6
2026.04.16	01:52:40.556	158.865	158.867			6
2026.04.16	01:52:40.855	158.864	158.866			6
2026.04.16	01:52:44.156		158.865			4
2026.04.16	01:52:51.371	158.865	158.866			6
2026.04.16	01:52:51.672	158.864	158.865			6
2026.04.16	01:52:51.972	158.865	158.866			6
2026.04.16	01:52:53.176	158.864	158.865			6
2026.04.16	01:53:00.102	158.864				2
2026.04.16	01:53:06.718	158.865	158.866			6
2026.04.16	01:53:08.521	158.863	158.864			6
2026.04.16	01:53:08.821	158.865	158.866			6
2026.04.16	01:53:09.721	158.863	158.864			6
2026.04.16	01:53:11.223	158.864	158.865			6
2026.04.16	01:53:11.825	158.856	158.857			6
2026.04.16	01:53:12.129	158.854	158.855			6
2026.04.16	01:53:12.425	158.853	158.854			6
2026.04.16	01:53:13.326	158.852	158.855			6
2026.04.16	01:53:16.335	158.851	158.854			6
2026.04.16	01:53:19.035	158.848	158.851			6
2026.04.16	01:53:19.940	158.841	158.844			6
2026.04.16	01:53:20.236		158.845			4
2026.04.16	01:53:22.038	158.838	158.842			6
2026.04.16	01:53:22.940	158.839				2
2026.04.16	01:53:25.647		158.843			4
2026.04.16	01:53:25.948		158.842			4
2026.04.16	01:53:27.152	158.840	158.843			6
2026.04.16	01:53:27.449		158.844			4
2026.04.16	01:53:28.048	158.839	158.843			6
2026.04.16	01:53:32.254	158.838	158.842			6
2026.04.16	01:53:33.756	158.844	158.848			6
2026.04.16	01:53:39.476	158.845	158.849			6
2026.04.16	01:53:44.287	158.850	158.854			6
2026.04.16	01:53:44.583	158.849	158.853			6
2026.04.16	01:53:48.795	158.852	158.856			6
2026.04.16	01:53:49.093	158.850	158.854			6
2026.04.16	01:53:49.392	158.851	158.855			6
2026.04.16	01:53:54.800	158.849	158.853			6
2026.04.16	01:54:00.214	158.849				2
2026.04.16	01:54:02.924	158.850				2
2026.04.16	01:54:13.436	158.854	158.855			6
2026.04.16	01:54:13.736	158.853	158.857			6
2026.04.16	01:54:14.037		158.856			4
2026.04.16	01:54:17.040	158.852				2
2026.04.16	01:54:17.339		158.854			4
2026.04.16	01:54:23.350		158.855			4
2026.04.16	01:54:23.651		158.856			4
2026.04.16	01:54:23.952		158.855			4
2026.04.16	01:54:31.765		158.854			4
2026.04.16	01:54:32.366		158.855			4
2026.04.16	01:54:34.774	158.851	158.854			6
2026.04.16	01:54:37.784	158.850	158.853			6
2026.04.16	01:54:38.085	158.851	158.854			6
2026.04.16	01:54:55.238	158.852	158.855			6
2026.04.16	01:54:57.939	158.851	158.854			6
2026.04.16	01:54:59.139	158.852	158.855			6
2026.04.16	01:54:59.740	158.851	158.854			6
2026.04.16	01:55:00.040	158.851				2
2026.04.16	01:55:00.340	158.852				2
2026.04.16	01:55:07.548	158.853	158.855			6
2026.04.16	01:55:14.453	158.852	158.854			6
2026.04.16	01:55:25.577	158.853				2
2026.04.16	01:55:31.585	158.854	158.855			6
2026.04.16	01:55:31.887		158.856			4
2026.04.16	01:55:32.188	158.855	158.857			6
2026.04.16	01:55:32.487	158.854	158.856			6
2026.04.16	01:55:32.787	158.853	158.855			6
2026.04.16	01:55:33.389	158.854	158.856			6
2026.04.16	01:55:33.689	158.853	158.855			6
2026.04.16	01:55:37.595	158.857	158.859			6
2026.04.16	01:55:37.894		158.858			4
2026.04.16	01:55:39.706	158.858	158.859			6
2026.04.16	01:55:40.003		158.860			4
2026.04.16	01:55:43.918	158.855	158.857			6
2026.04.16	01:55:45.421	158.854	158.856			6
2026.04.16	01:55:45.723		158.855			4
2026.04.16	01:55:47.231	158.853				2
2026.04.16	01:56:00.153	158.853				2
2026.04.16	01:56:04.657	158.854	158.856			6
2026.04.16	01:56:04.956	158.853	158.855			6
2026.04.16	01:56:05.558		158.854			4
2026.04.16	01:56:14.289	158.854	158.855			6
2026.04.16	01:56:14.591	158.855	158.856			6
2026.04.16	01:56:18.195	158.854	158.855			6
2026.04.16	01:56:20.302	158.855	158.856			6
2026.04.16	01:56:21.211	158.854	158.855			6
2026.04.16	01:56:23.929	158.853	158.854			6
2026.04.16	01:56:24.223	158.852	158.853			6
2026.04.16	01:56:30.541	158.853	158.854			6
2026.04.16	01:56:30.841	158.854	158.855			6
2026.04.16	01:56:34.750	158.856	158.857			6
2026.04.16	01:56:35.049	158.857	158.858			6
2026.04.16	01:56:39.552	158.855	158.856			6
2026.04.16	01:56:43.156	158.856	158.857			6
2026.04.16	01:56:44.356	158.857	158.858			6
2026.04.16	01:56:54.578	158.855	158.856			6
2026.04.16	01:56:54.881	158.853	158.854			6
2026.04.16	01:56:56.382	158.862	158.863			6
2026.04.16	01:56:56.984	158.859	158.860			6
2026.04.16	01:56:57.286	158.857	158.859			6
2026.04.16	01:56:57.890	158.856	158.858			6
2026.04.16	01:56:58.490	158.857				2
2026.04.16	01:56:59.391		158.859			4
2026.04.16	01:57:00.293	158.857				2
2026.04.16	01:57:00.892	158.856	158.858			6
2026.04.16	01:57:02.394	158.855	158.857			6
2026.04.16	01:57:02.696	158.857	158.859			6
2026.04.16	01:57:02.995	158.856	158.858			6
2026.04.16	01:57:03.296	158.857				2
2026.04.16	01:57:03.897	158.858	158.859			6
2026.04.16	01:57:04.198	158.857	158.858			6
2026.04.16	01:57:04.800		158.859			4
2026.04.16	01:57:05.709	158.858	158.860			6
2026.04.16	01:57:06.004		158.859			4
2026.04.16	01:57:07.208	158.857				2
2026.04.16	01:57:07.509	158.858				2
2026.04.16	01:57:08.109	158.857				2
2026.04.16	01:57:08.711		158.858			4
2026.04.16	01:57:09.012	158.858	158.859			6
2026.04.16	01:57:10.818	158.857	158.858			6
2026.04.16	01:57:11.718		158.859			4
2026.04.16	01:57:12.321		158.858			4
2026.04.16	01:57:12.623	158.858	158.859			6
2026.04.16	01:57:12.922	158.857	158.858			6
2026.04.16	01:57:13.522	158.858	158.860			6
2026.04.16	01:57:13.823	158.859				2
2026.04.16	01:57:14.424	158.858				2
2026.04.16	01:57:15.025	158.859				2
2026.04.16	01:57:15.326	158.858				2
2026.04.16	01:57:15.627		158.859			4
2026.04.16	01:57:20.135		158.860			4
2026.04.16	01:57:20.436		158.859			4
2026.04.16	01:57:20.738		158.860			4
2026.04.16	01:57:24.637		158.859			4
2026.04.16	01:57:26.139	158.860	158.861			6
2026.04.16	01:57:26.440	158.859				2
2026.04.16	01:57:27.040		158.860			4
2026.04.16	01:57:28.852		158.861			4
2026.04.16	01:57:29.148		158.860			4
2026.04.16	01:57:29.750		158.861			4
2026.04.16	01:57:30.655		158.860			4
2026.04.16	01:57:30.954	158.858				2
2026.04.16	01:57:31.254	158.859				2
2026.04.16	01:57:31.554	158.858	158.859			6
2026.04.16	01:57:32.153		158.860			4
2026.04.16	01:57:34.855	158.859				2
2026.04.16	01:57:35.155		158.861			4
2026.04.16	01:57:35.457	158.858	158.860			6
2026.04.16	01:57:35.756	158.859	158.861			6
2026.04.16	01:57:37.257		158.860			4
2026.04.16	01:57:38.758	158.860	158.861			6
2026.04.16	01:57:39.058	158.859	158.860			6
2026.04.16	01:57:39.358	158.858	158.859			6
2026.04.16	01:57:41.463	158.859	158.860			6
2026.04.16	01:57:42.064	158.864	158.865			6
2026.04.16	01:57:43.267		158.866			4
2026.04.16	01:57:44.771	158.863	158.865			6
2026.04.16	01:57:46.875	158.864	158.866			6
2026.04.16	01:57:47.177	158.863	158.865			6
2026.04.16	01:57:51.384	158.864				2
2026.04.16	01:58:00.110	158.864				2
2026.04.16	01:58:00.712	158.865	158.866			6
2026.04.16	01:58:05.518	158.866	158.867			6
2026.04.16	01:58:15.137	158.867	158.868			6
2026.04.16	01:58:20.547	158.865	158.866			6
2026.04.16	01:58:20.848	158.866	158.867			6
2026.04.16	01:58:48.199	158.865	158.866			6
2026.04.16	01:58:48.499	158.866	158.867			6
2026.04.16	01:58:48.800	158.865	158.866			6
2026.04.16	01:58:52.407	158.866	158.867			6
2026.04.16	01:58:53.008	158.865	158.866			6
2026.04.16	01:58:57.517	158.866	158.867			6
2026.04.16	01:58:57.817	158.865	158.866			6
2026.04.16	01:59:00.229	158.865				2
2026.04.16	01:59:06.235	158.866	158.867			6
2026.04.16	01:59:13.752	158.867	158.868			6
2026.04.16	01:59:17.352	158.866	158.867			6
2026.04.16	01:59:18.254	158.868	158.869			6
2026.04.16	01:59:18.554	158.867	158.868			6
2026.04.16	01:59:18.854	158.866	158.867			6
2026.04.16	01:59:38.722	158.867	158.868			6
2026.04.16	01:59:40.523	158.865	158.866			6
2026.04.16	01:59:42.631	158.866	158.867			6
2026.04.16	01:59:46.238	158.867	158.868			6
2026.04.16	01:59:48.635	158.868	158.869			6
2026.04.16	01:59:57.653	158.865	158.866			6
2026.04.16	01:59:59.150	158.866	158.867			6
2026.04.16	01:59:59.454	158.873	158.874			6
2026.04.16	02:00:00.051	158.873				2
2026.04.16	02:00:00.951	158.872	158.873			6
2026.04.16	02:00:02.452	158.854	158.855			6
2026.04.16	02:00:02.752	158.857	158.858			6
2026.04.16	02:00:03.051	158.856	158.857			6
2026.04.16	02:00:03.351	158.855	158.860			6
2026.04.16	02:00:03.653	158.853	158.857			6
2026.04.16	02:00:03.952	158.852				2
2026.04.16	02:00:05.153		158.856			4
2026.04.16	02:00:06.661		158.857			4
2026.04.16	02:00:07.557	158.853				2
2026.04.16	02:00:08.157	158.852				2
2026.04.16	02:00:10.255	158.851	158.856			6
2026.04.16	02:00:13.263	158.852	158.857			6
2026.04.16	02:00:14.770	158.840	158.845			6
2026.04.16	02:00:15.072	158.846	158.850			6
2026.04.16	02:00:15.372	158.852	158.856			6
2026.04.16	02:00:15.974	158.850				2
2026.04.16	02:00:16.879		158.855			4
2026.04.16	02:00:17.481		158.856			4
2026.04.16	02:00:21.392		158.855			4
2026.04.16	02:00:21.692	158.854	158.858			6
2026.04.16	02:00:21.994		158.859			4
2026.04.16	02:00:23.499		158.858			4
2026.04.16	02:00:23.801	158.853				2
2026.04.16	02:00:24.102	158.852	158.857			6
2026.04.16	02:00:24.403		158.858			4
2026.04.16	02:00:25.606	158.836	158.842			6
2026.04.16	02:00:26.206	158.834				2
2026.04.16	02:00:27.326	158.835				2
2026.04.16	02:00:28.111	158.836				2
2026.04.16	02:00:29.623	158.837	158.843			6
2026.04.16	02:00:29.923	158.838				2
2026.04.16	02:00:30.824		158.844			4
2026.04.16	02:00:32.024		158.843			4
2026.04.16	02:00:32.326	158.837				2
2026.04.16	02:00:33.095		158.842			4
2026.04.16	02:00:33.395	158.832	158.833			6
2026.04.16	02:00:33.695	158.824	158.832			6
2026.04.16	02:00:34.297	158.823				2
2026.04.16	02:00:35.199	158.825				2
2026.04.16	02:00:35.498	158.823				2
2026.04.16	02:00:36.100	158.825	158.833			6
2026.04.16	02:00:37.001	158.827	158.834			6
2026.04.16	02:00:37.301	158.826				2
2026.04.16	02:00:37.602		158.835			4
2026.04.16	02:00:38.503		158.834			4
2026.04.16	02:00:40.910	158.835	158.838			6
2026.04.16	02:00:41.210	158.832	158.839			6
2026.04.16	02:00:43.015	158.833				2
2026.04.16	02:00:43.316	158.832				2
2026.04.16	02:00:43.618	158.831	158.840			6
2026.04.16	02:00:44.818		158.839			4
2026.04.16	02:00:45.119	158.832	158.840			6
2026.04.16	02:00:46.022	158.831				2
2026.04.16	02:00:47.223	158.827	158.836			6
2026.04.16	02:00:47.523	158.826	158.833			6
2026.04.16	02:00:48.725	158.824				2
2026.04.16	02:00:49.325		158.832			4
2026.04.16	02:00:50.528	158.826				2
2026.04.16	02:00:50.828	158.825				2
2026.04.16	02:00:51.129		158.833			4
2026.04.16	02:00:51.430		158.832			4
2026.04.16	02:00:51.728		158.834			4
2026.04.16	02:00:53.534		158.832			4
2026.04.16	02:00:55.035	158.827	158.834			6
2026.04.16	02:00:55.336		158.833			4
2026.04.16	02:00:55.936		158.834			4
2026.04.16	02:00:56.236		158.833			4
2026.04.16	02:00:57.740	158.828	158.834			6
2026.04.16	02:00:58.037	158.838	158.844			6
2026.04.16	02:00:58.337		158.845			4
2026.04.16	02:01:00.141	158.838				2
2026.04.16	02:01:01.042	158.839				2
2026.04.16	02:01:01.342		158.846			4
2026.04.16	02:01:02.545	158.838	158.845			6
2026.04.16	02:01:07.350		158.844			4
2026.04.16	02:01:09.453		158.845			4
2026.04.16	02:01:10.053	158.837				2
2026.04.16	02:01:10.354	158.838				2
2026.04.16	02:01:10.954	158.837				2
2026.04.16	02:01:11.255	158.826	158.834			6
2026.04.16	02:01:12.155		158.833			4
2026.04.16	02:01:12.455		158.834			4
2026.04.16	02:01:13.056		158.833			4
2026.04.16	02:01:13.357	158.825				2
2026.04.16	02:01:13.958		158.832			4
2026.04.16	02:01:20.274	158.826				2
2026.04.16	02:01:20.573	158.825				2
2026.04.16	02:01:22.077	158.824				2
2026.04.16	02:01:22.977	158.825				2
2026.04.16	02:01:23.277	158.824				2
2026.04.16	02:01:23.578	158.825				2
2026.04.16	02:01:23.880		158.833			4
2026.04.16	02:01:24.480		158.832			4
2026.04.16	02:01:24.780		158.833			4
2026.04.16	02:01:25.081	158.824				2
2026.04.16	02:01:25.382	158.825				2
2026.04.16	02:01:27.184	158.824	158.832			6
2026.04.16	02:01:27.787	158.825	158.833			6
2026.04.16	02:01:28.987		158.832			4
2026.04.16	02:01:29.588	158.826	158.833			6
2026.04.16	02:01:30.193		158.832			4
2026.04.16	02:01:31.093	158.825				2
2026.04.16	02:01:31.394	158.826				2
2026.04.16	02:01:31.994		158.833			4
2026.04.16	02:01:37.406	158.827				2
2026.04.16	02:01:39.516		158.832			4
2026.04.16	02:01:39.816		158.833			4
2026.04.16	02:01:48.226	158.826	158.832			6
2026.04.16	02:01:48.527		158.831			4
2026.04.16	02:01:48.828	158.827	158.834			6
2026.04.16	02:01:50.028		158.833			4
2026.04.16	02:01:50.631		158.834			4
2026.04.16	02:01:50.930		158.832			4
2026.04.16	02:01:51.831		158.833			4
2026.04.16	02:01:52.433		158.832			4
2026.04.16	02:01:55.737		158.833			4
2026.04.16	02:01:58.446	158.826				2
2026.04.16	02:01:58.746	158.823	158.830			6
2026.04.16	02:01:59.046		158.828			4
2026.04.16	02:01:59.346	158.821	158.826			6
2026.04.16	02:02:00.147	158.821				2
2026.04.16	02:02:01.843	158.820				2
2026.04.16	02:02:03.246	158.819				2
2026.04.16	02:02:03.846	158.818				2
2026.04.16	02:02:04.146	158.821				2
2026.04.16	02:02:05.348	158.826	158.829			6
2026.04.16	02:02:05.648	158.825				2
2026.04.16	02:02:10.150		158.827			4
2026.04.16	02:02:10.451	158.824				2
2026.04.16	02:02:15.160	158.820	158.826			6
2026.04.16	02:02:15.461		158.825			4
2026.04.16	02:02:15.762	158.818	158.827			6
2026.04.16	02:02:16.368	158.817	158.826			6
2026.04.16	02:02:17.271	158.818				2
2026.04.16	02:02:18.171	158.820	158.825			6
2026.04.16	02:02:18.472	158.821	158.826			6
2026.04.16	02:02:21.560	158.824	158.828			6
2026.04.16	02:02:22.160	158.823	158.829			6
2026.04.16	02:02:24.261		158.830			4
2026.04.16	02:02:28.168	158.824				2
2026.04.16	02:02:28.468	158.827	158.832			6
2026.04.16	02:02:30.876		158.833			4
2026.04.16	02:02:31.178		158.832			4
2026.04.16	02:02:32.383		158.833			4
2026.04.16	02:02:32.684		158.832			4
2026.04.16	02:02:38.098		158.831			4
2026.04.16	02:02:38.398		158.832			4
2026.04.16	02:02:40.202	158.826				2
2026.04.16	02:02:40.802		158.831			4
2026.04.16	02:02:41.402	158.822	158.829			6
2026.04.16	02:02:42.004	158.823				2
2026.04.16	02:02:42.304	158.822	158.830			6
2026.04.16	02:02:42.604	158.836	158.839			6
2026.04.16	02:02:42.908		158.841			4
2026.04.16	02:02:43.208		158.842			4
2026.04.16	02:02:44.413	158.833	158.840			6
2026.04.16	02:02:44.714		158.839			4
2026.04.16	02:02:46.220	158.830	158.838			6
2026.04.16	02:02:46.521		158.836			4
2026.04.16	02:02:48.324	158.827	158.834			6
2026.04.16	02:02:50.427		158.833			4
2026.04.16	02:02:54.633		158.832			4
2026.04.16	02:02:54.934		158.833			4
2026.04.16	02:02:55.235		158.832			4
2026.04.16	02:02:56.137	158.826				2
2026.04.16	02:02:59.141	158.827				2
2026.04.16	02:03:00.044	158.827				2
2026.04.16	02:03:00.345	158.828	158.833			6
2026.04.16	02:03:00.645	158.827				2
2026.04.16	02:03:14.264		158.832			4
2026.04.16	02:03:14.565	158.826				2
2026.04.16	02:03:24.869	158.827				2
2026.04.16	02:03:35.111		158.831			4
2026.04.16	02:03:36.014		158.832			4
2026.04.16	02:03:36.917		158.831			4
2026.04.16	02:03:38.418		158.832			4
2026.04.16	02:03:41.123		158.831			4
2026.04.16	02:03:41.422		158.832			4
2026.04.16	02:03:42.624		158.831			4
2026.04.16	02:03:51.035		158.830			4
2026.04.16	02:03:51.935		158.831			4
2026.04.16	02:03:57.645		158.832			4
2026.04.16	02:03:58.247		158.831			4
2026.04.16	02:04:00.049	158.827	158.832			6
2026.04.16	02:04:01.851	158.826				2
2026.04.16	02:04:02.150		158.831			4
2026.04.16	02:04:08.156		158.832			4
2026.04.16	02:04:09.357	158.827				2
2026.04.16	02:04:12.359	158.825	158.826			6
2026.04.16	02:04:12.658	158.815	158.820			6
2026.04.16	02:04:12.959		158.821			4
2026.04.16	02:04:13.562	158.814				2
2026.04.16	02:04:14.164	158.807	158.813			6
2026.04.16	02:04:14.462	158.803	158.809			6
2026.04.16	02:04:14.763	158.805	158.811			6
2026.04.16	02:04:15.063		158.812			4
2026.04.16	02:04:15.364	158.804				2
2026.04.16	02:04:16.266	158.803	158.811			6
2026.04.16	02:04:16.567	158.802	158.810			6
2026.04.16	02:04:16.868	158.805				2
2026.04.16	02:04:17.168	158.808	158.816			6
2026.04.16	02:04:18.371	158.809	158.817			6
2026.04.16	02:04:19.275	158.808	158.816			6
2026.04.16	02:04:19.576	158.809				2
2026.04.16	02:04:19.876		158.815			4
2026.04.16	02:04:20.176	158.810				2
2026.04.16	02:04:20.776	158.809				2
2026.04.16	02:04:21.162		158.814			4
2026.04.16	02:04:21.462	158.808				2
2026.04.16	02:04:22.063	158.807				2
2026.04.16	02:04:22.365	158.808				2
2026.04.16	02:04:22.665	158.807				2
2026.04.16	02:04:23.305	158.808				2
2026.04.16	02:04:24.808		158.816			4
2026.04.16	02:04:25.409		158.814			4
2026.04.16	02:04:27.813	158.807				2
2026.04.16	02:04:28.714	158.806	158.812			6
2026.04.16	02:04:29.018	158.805	158.811			6
2026.04.16	02:04:30.592		158.810			4
2026.04.16	02:04:31.495		158.811			4
2026.04.16	02:04:31.796		158.812			4
2026.04.16	02:04:32.701		158.810			4
2026.04.16	02:04:34.198	158.804				2
2026.04.16	02:04:35.397	158.805	158.811			6
2026.04.16	02:04:35.697		158.810			4
2026.04.16	02:04:35.997		158.811			4
2026.04.16	02:04:36.672		158.810			4
2026.04.16	02:04:36.975		158.811			4
2026.04.16	02:04:37.276		158.810			4
2026.04.16	02:04:39.448		158.812			4
2026.04.16	02:04:39.749	158.811	158.817			6
2026.04.16	02:04:40.049	158.806	158.813			6
2026.04.16	02:04:40.649	158.805	158.812			6
2026.04.16	02:04:41.888	158.807	158.813			6
2026.04.16	02:04:42.188		158.814			4
2026.04.16	02:04:43.390	158.806	158.813			6
2026.04.16	02:04:43.690	158.807	158.814			6
2026.04.16	02:04:43.990		158.813			4
2026.04.16	02:04:45.193	158.809	158.815			6
