<DATE>	<TIME>	<BID>	<ASK>	<LAST>	<VOLUME>	<FLAGS>
2026.04.14	00:03:30.674	159.434	159.470			6
2026.04.14	00:03:31.276		159.472			4
2026.04.14	00:03:31.589	159.439				2
2026.04.14	00:03:40.537	159.440				2
2026.04.14	00:04:00.233	159.440				2
2026.04.14	00:04:10.833	159.401	159.448			6
2026.04.14	00:05:00.248	159.401				2
2026.04.14	00:05:00.549		159.450			4
2026.04.14	00:05:04.160		159.440			4
2026.04.14	00:05:36.036		159.479			4
2026.04.14	00:05:36.940		159.440			4
2026.04.14	00:05:48.998	159.394	159.479			6
2026.04.14	00:05:49.901		159.440			4
2026.04.14	00:06:00.115	159.394				2
2026.04.14	00:06:00.417		159.479			4
2026.04.14	00:06:01.322		159.440			4
2026.04.14	00:06:10.064		159.439			4
2026.04.14	00:06:29.912	159.387	159.479			6
2026.04.14	00:06:30.513		159.439			4
2026.04.14	00:06:40.780		159.479			4
2026.04.14	00:06:41.683		159.439			4
2026.04.14	00:06:47.093	159.386	159.479			6
2026.04.14	00:06:47.694		159.439			4
2026.04.14	00:07:00.011	159.386				2
2026.04.14	00:07:01.213		159.479			4
2026.04.14	00:07:01.815	159.374	159.429			6
2026.04.14	00:07:02.115		159.426			4
2026.04.14	00:07:02.416		159.430			4
2026.04.14	00:07:03.320	159.376				2
2026.04.14	00:07:16.283	159.361				2
2026.04.14	00:07:16.584		159.416			4
2026.04.14	00:07:17.788		159.417			4
2026.04.14	00:07:26.801		159.412			4
2026.04.14	00:07:34.910		159.416			4
2026.04.14	00:08:00.200	159.361				2
2026.04.14	00:08:03.205		159.414			4
2026.04.14	00:08:06.211		159.415			4
2026.04.14	00:08:42.306	159.358	159.430			6
2026.04.14	00:09:00.091	159.358				2
2026.04.14	00:09:40.533	159.360				2
2026.04.14	00:09:41.387	159.361				2
2026.04.14	00:09:42.153		159.429			4
2026.04.14	00:09:45.832	159.366				2
2026.04.14	00:09:52.778	159.367				2
2026.04.14	00:09:53.078	159.372				2
2026.04.14	00:10:00.172	159.372				2
2026.04.14	00:10:02.238		159.430			4
2026.04.14	00:10:38.626	159.374	159.450			6
2026.04.14	00:10:39.343		159.447			4
2026.04.14	00:11:02.559	159.374				2
2026.04.14	00:11:02.860	159.375				2
2026.04.14	00:11:03.493		159.450			4
2026.04.14	00:11:03.793	159.392				2
2026.04.14	00:11:20.233		159.449			4
2026.04.14	00:11:38.492	159.394	159.448			6
2026.04.14	00:11:44.590	159.409	159.452			6
2026.04.14	00:12:00.234	159.409				2
2026.04.14	00:12:06.245	159.411				2
2026.04.14	00:12:06.547	159.415	159.455			6
2026.04.14	00:13:00.233	159.416				2
2026.04.14	00:13:06.121	159.418				2
2026.04.14	00:13:06.759		159.455			4
2026.04.14	00:13:10.162		159.456			4
2026.04.14	00:13:10.464	159.430				2
2026.04.14	00:13:22.055	159.426				2
2026.04.14	00:14:00.232	159.426				2
2026.04.14	00:14:05.164	159.423				2
2026.04.14	00:14:10.167		159.456			4
2026.04.14	00:14:31.804	159.410				2
2026.04.14	00:14:33.305	159.408				2
2026.04.14	00:14:33.892	159.409				2
2026.04.14	00:14:36.595		159.464			4
2026.04.14	00:14:37.197		159.456			4
2026.04.14	00:14:45.604	159.408				2
2026.04.14	00:15:00.160	159.408				2
2026.04.14	00:15:13.422		159.463			4
2026.04.14	00:15:14.651	159.404	159.470			6
2026.04.14	00:15:26.696	159.408	159.474			6
2026.04.14	00:15:35.105	159.401	159.467			6
2026.04.14	00:15:36.308	159.398	159.464			6
2026.04.14	00:15:47.146	159.395	159.461			6
2026.04.14	00:15:54.082	159.394	159.460			6
2026.04.14	00:15:56.191		159.451			4
2026.04.14	00:15:57.391	159.399	159.446			6
2026.04.14	00:16:06.918	159.399				2
2026.04.14	00:16:21.182	159.398				2
2026.04.14	00:16:25.026	159.401				2
2026.04.14	00:16:58.960		159.446			4
2026.04.14	00:17:01.470	159.401				2
2026.04.14	00:17:07.852		159.447			4
2026.04.14	00:18:05.860	159.401				2
2026.04.14	00:18:09.760		159.447			4
2026.04.14	00:18:42.333		159.445			4
2026.04.14	00:19:00.233	159.401				2
2026.04.14	00:19:46.422		159.445			4
2026.04.14	00:20:01.060	159.401				2
2026.04.14	00:20:03.853		159.447			4
2026.04.14	00:21:00.031	159.401				2
2026.04.14	00:21:04.059		159.447			4
2026.04.14	00:21:36.953		159.444			4
2026.04.14	00:21:37.954		159.449			4
2026.04.14	00:21:45.767		159.447			4
2026.04.14	00:21:46.068		159.449			4
2026.04.14	00:21:59.097	159.382	159.442			6
2026.04.14	00:22:00.161	159.382				2
2026.04.14	00:22:07.278	159.381				2
2026.04.14	00:22:09.554	159.372	159.418			6
2026.04.14	00:22:10.456		159.417			4
2026.04.14	00:22:21.298	159.370				2
2026.04.14	00:22:21.898	159.372	159.418			6
2026.04.14	00:22:22.800	159.370				2
2026.04.14	00:22:33.017	159.367				2
2026.04.14	00:22:36.926		159.416			4
2026.04.14	00:22:37.226	159.366				2
2026.04.14	00:22:37.906		159.418			4
2026.04.14	00:22:38.207	159.368				2
2026.04.14	00:22:44.815	159.366				2
2026.04.14	00:22:49.547	159.371	159.410			6
2026.04.14	00:23:00.233	159.371				2
2026.04.14	00:23:50.232		159.410			4
2026.04.14	00:24:08.560	159.371				2
2026.04.14	00:24:25.361	159.363	159.403			6
2026.04.14	00:24:35.785	159.364	159.406			6
2026.04.14	00:24:37.071	159.363	159.397			6
2026.04.14	00:24:37.908		159.405			4
2026.04.14	00:25:03.109	159.363				2
2026.04.14	00:25:04.539		159.402			4
2026.04.14	00:25:31.611	159.334	159.384			6
2026.04.14	00:25:32.211	159.320				2
2026.04.14	00:25:32.811	159.334				2
2026.04.14	00:25:43.016		159.387			4
2026.04.14	00:25:52.631		159.388			4
2026.04.14	00:26:00.171	159.334				2
2026.04.14	00:26:02.810		159.394			4
2026.04.14	00:26:11.560		159.395			4
2026.04.14	00:26:22.360		159.396			4
2026.04.14	00:26:32.692	159.336				2
2026.04.14	00:26:33.497		159.397			4
2026.04.14	00:26:44.860		159.389			4
2026.04.14	00:26:46.960		159.390			4
2026.04.14	00:27:00.459	159.336				2
2026.04.14	00:27:02.859		159.391			4
2026.04.14	00:27:21.760		159.392			4
2026.04.14	00:27:22.060	159.327				2
2026.04.14	00:27:22.961	159.336				2
2026.04.14	00:27:43.960		159.393			4
2026.04.14	00:27:49.837		159.392			4
2026.04.14	00:27:54.645		159.393			4
2026.04.14	00:28:01.960	159.336				2
2026.04.14	00:28:05.260		159.394			4
2026.04.14	00:28:37.359		159.395			4
2026.04.14	00:29:00.136	159.336				2
2026.04.14	00:29:10.959		159.396			4
2026.04.14	00:29:12.341		159.393			4
2026.04.14	00:29:44.864		159.394			4
2026.04.14	00:30:00.161	159.336				2
2026.04.14	00:30:01.078	159.332				2
2026.04.14	00:30:01.554	159.336				2
2026.04.14	00:30:07.054		159.393			4
2026.04.14	00:30:11.348		159.394			4
2026.04.14	00:30:22.704	159.337				2
2026.04.14	00:30:31.389		159.395			4
2026.04.14	00:30:35.559		159.394			4
2026.04.14	00:30:43.061		159.395			4
2026.04.14	00:30:57.631		159.391			4
2026.04.14	00:31:00.759	159.337				2
2026.04.14	00:31:02.493		159.395			4
2026.04.14	00:31:07.312		159.396			4
2026.04.14	00:31:07.613		159.392			4
2026.04.14	00:31:08.301		159.393			4
2026.04.14	00:31:13.745		159.392			4
2026.04.14	00:31:15.485		159.393			4
2026.04.14	00:31:25.488		159.394			4
2026.04.14	00:31:48.460		159.395			4
2026.04.14	00:31:56.572		159.397			4
2026.04.14	00:32:01.659	159.337				2
2026.04.14	00:32:12.634		159.401			4
2026.04.14	00:32:13.334	159.336				2
2026.04.14	00:32:17.632	159.310	159.403			6
2026.04.14	00:32:17.934	159.329				2
2026.04.14	00:32:18.534		159.402			4
2026.04.14	00:32:19.435		159.403			4
2026.04.14	00:32:20.948	159.300				2
2026.04.14	00:32:30.542	159.304				2
2026.04.14	00:32:32.659	159.302				2
2026.04.14	00:32:33.388	159.300				2
2026.04.14	00:32:40.069	159.303				2
2026.04.14	00:32:40.675	159.300				2
2026.04.14	00:32:42.760	159.301				2
2026.04.14	00:32:43.836	159.300				2
2026.04.14	00:32:48.455	159.303				2
2026.04.14	00:32:53.462	159.300				2
2026.04.14	00:32:55.059	159.301				2
2026.04.14	00:32:58.658	159.300				2
2026.04.14	00:33:00.233	159.300				2
2026.04.14	00:33:03.422	159.306				2
2026.04.14	00:33:05.606	159.307	159.404			6
2026.04.14	00:33:06.576	159.306				2
2026.04.14	00:33:08.030		159.402			4
2026.04.14	00:33:10.091	159.308	159.403			6
2026.04.14	00:33:13.867	159.306				2
2026.04.14	00:33:17.590	159.310				2
2026.04.14	00:33:35.323	159.306	159.402			6
2026.04.14	00:33:37.360		159.403			4
2026.04.14	00:33:41.109		159.400			4
2026.04.14	00:33:42.630	159.304	159.398			6
2026.04.14	00:33:44.382		159.397			4
2026.04.14	00:33:54.489	159.305				2
2026.04.14	00:33:54.791	159.304				2
2026.04.14	00:33:57.385		159.396			4
2026.04.14	00:34:01.359	159.304				2
2026.04.14	00:34:08.388	159.318	159.406			6
2026.04.14	00:34:10.233	159.319				2
2026.04.14	00:34:15.441	159.344				2
2026.04.14	00:34:16.043	159.348				2
2026.04.14	00:34:16.646	159.346				2
2026.04.14	00:34:20.577	159.345				2
2026.04.14	00:34:20.877	159.343				2
2026.04.14	00:34:22.989	159.346				2
2026.04.14	00:34:23.891	159.345				2
2026.04.14	00:34:28.997	159.343				2
2026.04.14	00:34:35.607	159.345				2
2026.04.14	00:34:42.524	159.343				2
2026.04.14	00:34:48.248	159.345				2
2026.04.14	00:34:49.153	159.346				2
2026.04.14	00:35:00.233	159.346				2
2026.04.14	00:35:10.060		159.406			4
2026.04.14	00:35:17.177	159.348				2
2026.04.14	00:35:17.477	159.343	159.396			6
2026.04.14	00:35:17.780	159.342				2
2026.04.14	00:35:20.429	159.343	159.395			6
2026.04.14	00:35:21.933	159.342				2
2026.04.14	00:35:23.560	159.341	159.396			6
2026.04.14	00:35:23.862	159.339	159.395			6
2026.04.14	00:35:24.166	159.343				2
2026.04.14	00:35:27.493	159.341	159.398			6
2026.04.14	00:35:27.794		159.399			4
2026.04.14	00:35:28.394		159.396			4
2026.04.14	00:35:35.603	159.339				2
2026.04.14	00:35:36.203	159.340				2
2026.04.14	00:35:37.104	159.339				2
2026.04.14	00:35:40.708	159.337				2
2026.04.14	00:35:47.933	159.341				2
2026.04.14	00:35:48.536	159.340				2
2026.04.14	00:35:49.436	159.339				2
2026.04.14	00:35:49.738	159.342				2
2026.04.14	00:35:52.149		159.397			4
2026.04.14	00:35:53.054		159.394			4
2026.04.14	00:36:00.283	159.342				2
2026.04.14	00:36:01.789	159.341				2
2026.04.14	00:36:03.893	159.342				2
2026.04.14	00:36:10.802		159.398			4
2026.04.14	00:36:18.612	159.341				2
2026.04.14	00:36:19.514		159.397			4
2026.04.14	00:36:26.131		159.394			4
2026.04.14	00:36:33.978	159.342				2
2026.04.14	00:36:36.689		159.398			4
2026.04.14	00:36:37.289		159.395			4
2026.04.14	00:36:50.814	159.340				2
2026.04.14	00:36:51.118	159.338				2
2026.04.14	00:36:56.841		159.396			4
2026.04.14	00:37:00.158	159.338				2
2026.04.14	00:37:04.069	159.339	159.398			6
2026.04.14	00:37:04.371	159.341				2
2026.04.14	00:37:11.895	159.340				2
2026.04.14	00:37:14.902	159.343				2
2026.04.14	00:37:24.525	159.341				2
2026.04.14	00:37:24.825	159.339				2
2026.04.14	00:37:28.135		159.397			4
2026.04.14	00:37:30.855	159.340				2
2026.04.14	00:37:39.589	159.341	159.390			6
2026.04.14	00:37:42.293	159.340				2
2026.04.14	00:37:42.594	159.339				2
2026.04.14	00:37:44.696		159.389			4
2026.04.14	00:37:52.512	159.337				2
2026.04.14	00:37:59.425	159.338				2
2026.04.14	00:37:59.729	159.341				2
2026.04.14	00:38:00.029	159.341				2
2026.04.14	00:38:04.549	159.336				2
2026.04.14	00:38:05.149	159.338				2
2026.04.14	00:38:14.796	159.339				2
2026.04.14	00:38:15.095	159.338	159.392			6
2026.04.14	00:38:17.798	159.342				2
2026.04.14	00:38:18.097	159.343	159.391			6
2026.04.14	00:38:18.998	159.342	159.390			6
2026.04.14	00:38:22.606	159.338	159.389			6
2026.04.14	00:38:22.906		159.388			4
2026.04.14	00:38:23.206	159.337	159.389			6
2026.04.14	00:38:23.505	159.336	159.388			6
2026.04.14	00:38:24.706	159.326	159.380			6
2026.04.14	00:38:25.306	159.324				2
2026.04.14	00:38:25.607	159.323	159.379			6
2026.04.14	00:38:26.208		159.380			4
2026.04.14	00:38:26.812	159.326				2
2026.04.14	00:38:27.415	159.327				2
2026.04.14	00:38:28.015	159.329				2
2026.04.14	00:38:29.218	159.333	159.386			6
2026.04.14	00:38:29.519	159.338				2
2026.04.14	00:38:30.125	159.341	159.389			6
2026.04.14	00:38:32.841		159.390			4
2026.04.14	00:38:36.753		159.391			4
2026.04.14	00:38:43.985		159.392			4
2026.04.14	00:38:53.902		159.394			4
2026.04.14	00:38:54.502		159.393			4
2026.04.14	00:38:59.309		159.397			4
2026.04.14	00:39:00.211	159.341				2
2026.04.14	00:39:09.237	159.340	159.393			6
2026.04.14	00:39:10.443	159.339				2
2026.04.14	00:39:12.254	159.338				2
2026.04.14	00:39:14.364	159.341				2
2026.04.14	00:39:15.865	159.342	159.394			6
2026.04.14	00:39:26.096	159.341				2
2026.04.14	00:39:32.703	159.345				2
2026.04.14	00:39:33.003	159.344				2
2026.04.14	00:39:42.315	159.345				2
2026.04.14	00:39:56.774		159.395			4
2026.04.14	00:40:00.087	159.345				2
2026.04.14	00:40:02.493	159.337	159.393			6
2026.04.14	00:40:02.793	159.321				2
2026.04.14	00:40:03.093	159.331				2
2026.04.14	00:40:03.394	159.338				2
2026.04.14	00:40:04.595	159.340	159.394			6
2026.04.14	00:40:04.895	159.344	159.395			6
2026.04.14	00:40:13.908	159.347				2
2026.04.14	00:40:19.319	159.346				2
2026.04.14	00:40:19.620	159.347				2
2026.04.14	00:40:23.830		159.396			4
2026.04.14	00:40:24.129		159.395			4
2026.04.14	00:40:28.345	159.346				2
2026.04.14	00:40:29.247		159.396			4
2026.04.14	00:40:29.849		159.398			4
2026.04.14	00:40:37.675		159.397			4
2026.04.14	00:40:39.484	159.345	159.396			6
2026.04.14	00:40:47.897	159.366	159.412			6
2026.04.14	00:40:49.820	159.364				2
2026.04.14	00:41:00.251	159.364				2
2026.04.14	00:41:33.137		159.411			4
2026.04.14	00:41:37.269	159.363				2
2026.04.14	00:41:38.572	159.365				2
2026.04.14	00:41:52.360		159.410			4
2026.04.14	00:42:00.233	159.365				2
2026.04.14	00:42:06.521		159.409			4
2026.04.14	00:42:13.167	159.364				2
2026.04.14	00:42:19.959		159.408			4
2026.04.14	00:42:39.459		159.407			4
2026.04.14	00:42:47.330	159.366				2
2026.04.14	00:42:48.137		159.408			4
2026.04.14	00:42:49.359		159.407			4
2026.04.14	00:42:52.635		159.408			4
2026.04.14	00:43:00.233	159.366				2
2026.04.14	00:43:04.060		159.407			4
2026.04.14	00:43:10.232	159.367				2
2026.04.14	00:43:18.143	159.365	159.408			6
2026.04.14	00:43:23.602		159.407			4
2026.04.14	00:43:28.440		159.406			4
2026.04.14	00:43:49.660		159.405			4
2026.04.14	00:43:54.461		159.404			4
2026.04.14	00:43:56.581		159.406			4
2026.04.14	00:44:00.745	159.365				2
2026.04.14	00:44:01.346		159.405			4
2026.04.14	00:44:01.948		159.406			4
2026.04.14	00:44:02.918		159.404			4
2026.04.14	00:44:11.560		159.406			4
2026.04.14	00:44:13.272	159.364				2
2026.04.14	00:44:16.468	159.374	159.412			6
2026.04.14	00:44:40.537		159.411			4
2026.04.14	00:44:41.698		159.412			4
2026.04.14	00:44:43.960		159.411			4
2026.04.14	00:44:52.802		159.410			4
2026.04.14	00:45:00.233	159.374				2
2026.04.14	00:45:02.159	159.360	159.426			6
2026.04.14	00:45:04.877	159.374	159.409			6
2026.04.14	00:45:12.161		159.408			4
2026.04.14	00:45:29.263		159.407			4
2026.04.14	00:45:36.921	159.366				2
2026.04.14	00:45:37.920	159.372				2
2026.04.14	00:45:38.225	159.375	159.413			6
2026.04.14	00:45:40.535		159.412			4
2026.04.14	00:45:45.126		159.411			4
2026.04.14	00:46:00.093	159.375				2
2026.04.14	00:46:06.461		159.410			4
2026.04.14	00:46:21.460		159.409			4
2026.04.14	00:46:26.581		159.405			4
2026.04.14	00:46:29.860		159.404			4
2026.04.14	00:46:31.060		159.405			4
2026.04.14	00:46:32.560		159.404			4
2026.04.14	00:46:36.762		159.409			4
2026.04.14	00:46:37.660		159.408			4
2026.04.14	00:46:50.232	159.376				2
2026.04.14	00:47:00.233	159.376				2
2026.04.14	00:47:02.153	159.360	159.426			6
2026.04.14	00:47:04.573	159.375	159.407			6
2026.04.14	00:47:04.875	159.376				2
2026.04.14	00:47:26.561		159.406			4
2026.04.14	00:47:26.861		159.402			4
2026.04.14	00:47:36.879		159.406			4
2026.04.14	00:47:37.180	159.370				2
2026.04.14	00:47:37.921	159.372				2
2026.04.14	00:47:38.221	159.376				2
2026.04.14	00:47:40.660		159.407			4
2026.04.14	00:47:41.808		159.406			4
2026.04.14	00:48:00.232	159.376				2
2026.04.14	00:48:07.261		159.405			4
2026.04.14	00:48:16.583		159.402			4
2026.04.14	00:48:26.583		159.405			4
2026.04.14	00:48:36.923	159.372				2
2026.04.14	00:48:37.223	159.370	159.402			6
2026.04.14	00:48:37.523	159.371	159.401			6
2026.04.14	00:48:37.924	159.372				2
2026.04.14	00:48:38.225	159.376	159.402			6
2026.04.14	00:48:46.582		159.404			4
2026.04.14	00:49:00.233	159.376				2
2026.04.14	00:49:32.260		159.403			4
2026.04.14	00:49:34.960		159.404			4
2026.04.14	00:49:39.161		159.403			4
2026.04.14	00:49:56.879		159.401			4
2026.04.14	00:50:03.460	159.376				2
2026.04.14	00:50:06.765		159.403			4
2026.04.14	00:50:46.882		159.401			4
2026.04.14	00:50:56.581		159.403			4
2026.04.14	00:51:00.160	159.376				2
2026.04.14	00:51:16.661		159.400			4
2026.04.14	00:51:18.276		159.401			4
2026.04.14	00:51:26.880		159.403			4
2026.04.14	00:52:01.274	159.376				2
2026.04.14	00:52:30.233		159.403			4
2026.04.14	00:53:05.860	159.376				2
2026.04.14	00:53:06.875		159.400			4
2026.04.14	00:53:16.885		159.403			4
2026.04.14	00:53:56.852		159.400			4
2026.04.14	00:54:00.460	159.376				2
2026.04.14	00:54:01.272		159.403			4
2026.04.14	00:54:29.779		159.402			4
2026.04.14	00:54:31.389		159.403			4
2026.04.14	00:54:35.574		159.402			4
2026.04.14	00:54:41.865		159.403			4
2026.04.14	00:54:45.428		159.402			4
2026.04.14	00:54:46.876		159.401			4
2026.04.14	00:54:56.576		159.402			4
2026.04.14	00:55:00.160	159.376				2
2026.04.14	00:55:09.185	159.372	159.408			6
2026.04.14	00:55:09.484	159.376	159.402			6
2026.04.14	00:55:26.603		159.401			4
2026.04.14	00:55:36.823		159.402			4
2026.04.14	00:56:00.293	159.376				2
2026.04.14	00:56:01.496		159.403			4
2026.04.14	00:56:36.692		159.401			4
2026.04.14	00:56:43.902		159.403			4
2026.04.14	00:57:00.135	159.376				2
2026.04.14	00:57:26.605		159.401			4
2026.04.14	00:57:36.825		159.403			4
2026.04.14	00:57:47.964		159.404			4
2026.04.14	00:58:00.304	159.376				2
2026.04.14	00:58:06.609		159.400			4
2026.04.14	00:58:09.010		159.401			4
2026.04.14	00:58:16.842		159.404			4
2026.04.14	00:59:00.192	159.376				2
2026.04.14	00:59:00.492	159.375				2
2026.04.14	00:59:06.800		159.401			4
2026.04.14	00:59:14.310	159.345	159.407			6
2026.04.14	00:59:14.608	159.330				2
2026.04.14	00:59:15.212		159.405			4
2026.04.14	00:59:17.619	159.327	159.404			6
2026.04.14	00:59:25.750		159.403			4
2026.04.14	00:59:27.254	159.336				2
2026.04.14	00:59:27.549	159.325	159.406			6
2026.04.14	00:59:27.854	159.335				2
2026.04.14	00:59:29.659	159.334				2
2026.04.14	00:59:30.562		159.405			4
2026.04.14	00:59:31.770		159.404			4
2026.04.14	00:59:32.377	159.325	159.405			6
2026.04.14	00:59:32.678	159.324	159.406			6
2026.04.14	00:59:35.087		159.405			4
2026.04.14	00:59:36.889		159.404			4
2026.04.14	00:59:37.492		159.406			4
2026.04.14	00:59:37.790	159.335				2
2026.04.14	00:59:38.992		159.405			4
2026.04.14	00:59:39.297		159.406			4
2026.04.14	00:59:40.802		159.405			4
2026.04.14	00:59:42.298		159.404			4
2026.04.14	00:59:42.599	159.331	159.406			6
2026.04.14	00:59:43.798		159.405			4
2026.04.14	00:59:44.398		159.406			4
2026.04.14	00:59:47.402		159.404			4
2026.04.14	00:59:47.705	159.330	159.406			6
2026.04.14	00:59:48.604		159.405			4
2026.04.14	00:59:49.505		159.404			4
2026.04.14	00:59:52.507		159.406			4
2026.04.14	00:59:52.808		159.405			4
2026.04.14	00:59:55.511		159.404			4
2026.04.14	00:59:57.019		159.403			4
2026.04.14	00:59:57.620		159.405			4
2026.04.14	00:59:58.823		159.404			4
2026.04.14	01:00:00.031	159.328	159.405			6
2026.04.14	01:00:00.333	159.337	159.400			6
2026.04.14	01:00:00.625	159.346	159.397			6
2026.04.14	01:00:00.924	159.341				2
2026.04.14	01:00:01.225		159.404			4
2026.04.14	01:00:01.831		159.405			4
2026.04.14	01:00:02.126	159.346				2
2026.04.14	01:00:02.428	159.345	159.406			6
2026.04.14	01:00:03.628		159.405			4
2026.04.14	01:00:03.926	159.344	159.409			6
2026.04.14	01:00:04.229	159.346	159.410			6
2026.04.14	01:00:04.528		159.409			4
2026.04.14	01:00:05.129		159.402			4
2026.04.14	01:00:06.032	159.347	159.404			6
2026.04.14	01:00:06.331	159.349	159.399			6
2026.04.14	01:00:06.931		159.402			4
2026.04.14	01:00:07.533		159.397			4
2026.04.14	01:00:08.133		159.398			4
2026.04.14	01:00:09.036		159.399			4
2026.04.14	01:00:09.939	159.347				2
2026.04.14	01:00:10.238	159.348	159.388			6
2026.04.14	01:00:10.542	159.340	159.392			6
2026.04.14	01:00:10.841	159.343				2
2026.04.14	01:00:11.143	159.346	159.393			6
2026.04.14	01:00:11.741		159.394			4
2026.04.14	01:00:12.342		159.392			4
2026.04.14	01:00:12.646	159.347				2
2026.04.14	01:00:13.847	159.346	159.393			6
2026.04.14	01:00:14.143	159.347				2
2026.04.14	01:00:14.445	159.348	159.395			6
2026.04.14	01:00:16.244		159.397			4
2026.04.14	01:00:17.145		159.379			4
2026.04.14	01:00:18.346	159.347				2
2026.04.14	01:00:18.650	159.343				2
2026.04.14	01:00:21.054	159.345				2
2026.04.14	01:00:21.358	159.342				2
2026.04.14	01:00:21.659	159.341				2
2026.04.14	01:00:22.259	159.340				2
2026.04.14	01:00:23.460	159.338				2
2026.04.14	01:00:24.362	159.337				2
2026.04.14	01:00:24.965	159.336				2
2026.04.14	01:00:25.266	159.332				2
2026.04.14	01:00:25.565	159.330				2
2026.04.14	01:00:27.368		159.378			4
2026.04.14	01:00:29.170		159.379			4
2026.04.14	01:00:32.174	159.332				2
2026.04.14	01:00:33.380	159.333				2
2026.04.14	01:00:33.676	159.330	159.378			6
2026.04.14	01:00:33.977		159.376			4
2026.04.14	01:00:34.878	159.319	159.373			6
2026.04.14	01:00:35.482	159.334	159.340			6
2026.04.14	01:00:36.981	159.316	159.361			6
2026.04.14	01:00:37.881		159.362			4
2026.04.14	01:00:38.181	159.318	159.367			6
2026.04.14	01:00:39.982		159.370			4
2026.04.14	01:00:40.283	159.320	159.368			6
2026.04.14	01:00:45.087		159.369			4
2026.04.14	01:00:46.889	159.318	159.372			6
2026.04.14	01:00:47.791		159.374			4
2026.04.14	01:00:49.893	159.317				2
2026.04.14	01:00:50.193	159.318				2
2026.04.14	01:00:50.494		159.378			4
2026.04.14	01:00:51.999	159.315	159.380			6
2026.04.14	01:00:52.295		159.381			4
2026.04.14	01:00:53.197		159.376			4
2026.04.14	01:00:53.497	159.333	159.370			6
2026.04.14	01:00:53.796	159.356	159.357			6
2026.04.14	01:00:54.397	159.354	159.355			6
2026.04.14	01:00:54.697	159.358	159.359			6
2026.04.14	01:00:54.996	159.356	159.357			6
2026.04.14	01:00:55.298	159.355				2
2026.04.14	01:00:55.597	159.351	159.353			6
2026.04.14	01:00:55.898	159.348	159.350			6
2026.04.14	01:00:56.198	159.355	159.357			6
2026.04.14	01:00:56.498	159.353	159.355			6
2026.04.14	01:00:56.798	159.349	159.351			6
2026.04.14	01:00:57.405	159.350	159.352			6
2026.04.14	01:00:57.702	159.356	159.358			6
2026.04.14	01:00:58.001	159.353	159.355			6
2026.04.14	01:00:58.298	159.350	159.351			6
2026.04.14	01:00:59.198	159.354	159.356			6
2026.04.14	01:00:59.498	159.359	159.361			6
2026.04.14	01:01:00.100	159.358	159.360			6
2026.04.14	01:01:00.399	159.360	159.362			6
2026.04.14	01:01:00.700	159.357	159.359			6
2026.04.14	01:01:03.102	159.358	159.360			6
2026.04.14	01:01:03.403	159.359	159.361			6
2026.04.14	01:01:04.305	159.358	159.359			6
2026.04.14	01:01:05.808	159.359	159.361			6
2026.04.14	01:01:06.407	159.358	159.359			6
2026.04.14	01:01:20.821	159.359	159.360			6
2026.04.14	01:01:31.941	159.358	159.359			6
2026.04.14	01:01:33.444	159.359	159.360			6
2026.04.14	01:01:35.548	159.369	159.370			6
2026.04.14	01:01:47.266	159.368	159.369			6
2026.04.14	01:01:47.568	159.364	159.365			6
2026.04.14	01:01:53.570	159.361	159.362			6
2026.04.14	01:01:54.171	159.360	159.361			6
2026.04.14	01:01:56.575	159.361	159.362			6
2026.04.14	01:01:57.478	159.360	159.361			6
2026.04.14	01:01:58.682	159.361	159.362			6
2026.04.14	01:02:00.183	159.361				2
2026.04.14	01:02:07.395	159.360	159.361			6
2026.04.14	01:02:07.696	159.363	159.364			6
2026.04.14	01:02:07.995	159.364	159.365			6
2026.04.14	01:02:11.001	159.372	159.373			6
2026.04.14	01:02:11.297	159.375	159.376			6
2026.04.14	01:02:12.502	159.382	159.383			6
2026.04.14	01:02:12.798	159.385	159.386			6
2026.04.14	01:02:13.999	159.383	159.384			6
2026.04.14	01:02:14.298	159.390	159.391			6
2026.04.14	01:02:15.202	159.389	159.390			6
2026.04.14	01:02:17.603	159.395	159.396			6
2026.04.14	01:02:17.900	159.396	159.397			6
2026.04.14	01:02:18.804		159.399			4
2026.04.14	01:02:20.607	159.397	159.400			6
2026.04.14	01:02:27.207	159.398				2
2026.04.14	01:02:30.809	159.399	159.401			6
2026.04.14	01:02:31.409	159.397	159.399			6
2026.04.14	01:02:35.314	159.398				2
2026.04.14	01:02:42.220	159.396	159.397			6
2026.04.14	01:02:44.028	159.395	159.396			6
2026.04.14	01:02:44.926	159.398	159.399			6
2026.04.14	01:02:46.727	159.397	159.398			6
2026.04.14	01:02:54.843	159.396	159.397			6
2026.04.14	01:02:55.144	159.398	159.399			6
2026.04.14	01:02:58.151	159.397	159.398			6
2026.04.14	01:02:58.751	159.384	159.385			6
2026.04.14	01:02:59.355	159.383	159.386			6
2026.04.14	01:02:59.653	159.384	159.387			6
2026.04.14	01:03:00.254	159.384				2
2026.04.14	01:03:01.458	159.382	159.385			6
2026.04.14	01:03:02.969	159.381	159.384			6
2026.04.14	01:03:06.269		159.383			4
2026.04.14	01:03:07.470	159.380	159.382			6
2026.04.14	01:03:12.284	159.381				2
2026.04.14	01:03:14.694	159.383	159.384			6
2026.04.14	01:03:25.504	159.382	159.383			6
2026.04.14	01:03:31.812	159.383	159.384			6
2026.04.14	01:03:32.709	159.368	159.369			6
2026.04.14	01:03:33.312	159.367	159.372			6
2026.04.14	01:03:34.211	159.366	159.371			6
2026.04.14	01:03:35.111	159.367	159.372			6
2026.04.14	01:03:37.212	159.366	159.371			6
2026.04.14	01:03:37.513	159.365	159.369			6
2026.04.14	01:03:38.415	159.367	159.371			6
2026.04.14	01:03:38.723	159.368	159.372			6
2026.04.14	01:03:39.321	159.369	159.373			6
2026.04.14	01:03:40.218	159.368				2
2026.04.14	01:03:41.122	159.369				2
2026.04.14	01:03:42.618		159.370			4
2026.04.14	01:03:42.917		159.373			4
2026.04.14	01:03:43.220	159.368	159.372			6
2026.04.14	01:03:43.820	159.366	159.367			6
2026.04.14	01:03:44.425	159.368	159.372			6
2026.04.14	01:03:45.326	159.369	159.373			6
2026.04.14	01:03:47.132	159.370				2
2026.04.14	01:03:47.727	159.369	159.372			6
2026.04.14	01:03:49.835	159.368	159.371			6
2026.04.14	01:03:52.536	159.366	159.369			6
2026.04.14	01:03:52.836	159.368	159.371			6
2026.04.14	01:03:53.139		159.370			4
2026.04.14	01:03:57.649	159.365	159.367			6
2026.04.14	01:04:00.054	159.365				2
2026.04.14	01:04:00.357		159.366			4
2026.04.14	01:04:02.462	159.367	159.368			6
2026.04.14	01:04:02.762	159.368	159.369			6
2026.04.14	01:04:07.576	159.369	159.370			6
2026.04.14	01:04:08.175	159.370	159.371			6
2026.04.14	01:04:12.083	159.368	159.369			6
2026.04.14	01:04:33.408	159.371	159.372			6
2026.04.14	01:04:34.012	159.370	159.371			6
2026.04.14	01:04:35.214	159.371	159.372			6
2026.04.14	01:04:35.817	159.370	159.371			6
2026.04.14	01:04:37.019	159.369	159.370			6
2026.04.14	01:04:37.917	159.370	159.371			6
2026.04.14	01:04:42.730	159.371	159.372			6
2026.04.14	01:04:48.742	159.372	159.373			6
2026.04.14	01:04:54.755	159.371	159.372			6
2026.04.14	01:05:00.182	159.371				2
2026.04.14	01:05:01.991	159.378	159.379			6
2026.04.14	01:05:02.285	159.381	159.382			6
2026.04.14	01:05:06.191	159.383	159.384			6
2026.04.14	01:05:06.492	159.384	159.385			6
2026.04.14	01:05:07.698	159.380	159.381			6
2026.04.14	01:05:12.196	159.381	159.382			6
2026.04.14	01:05:19.403	159.380	159.381			6
2026.04.14	01:05:20.006	159.382	159.383			6
2026.04.14	01:05:20.904	159.377	159.378			6
2026.04.14	01:05:22.105	159.375	159.376			6
2026.04.14	01:05:23.306	159.373	159.374			6
2026.04.14	01:05:23.912	159.374	159.375			6
2026.04.14	01:05:24.207	159.373	159.374			6
2026.04.14	01:05:34.124	159.372	159.373			6
2026.04.14	01:05:36.827	159.371	159.372			6
2026.04.14	01:05:37.128	159.370	159.371			6
2026.04.14	01:05:37.428	159.368	159.369			6
2026.04.14	01:05:37.729	159.367	159.368			6
2026.04.14	01:05:38.634	159.370	159.371			6
2026.04.14	01:05:39.535	159.371	159.372			6
2026.04.14	01:05:49.169	159.372	159.373			6
2026.04.14	01:06:00.001	159.372				2
2026.04.14	01:06:00.599	159.371	159.372			6
2026.04.14	01:06:05.100	159.372	159.373			6
2026.04.14	01:07:00.087	159.372				2
2026.04.14	01:07:03.694	159.371	159.372			6
2026.04.14	01:07:05.490	159.368	159.369			6
2026.04.14	01:07:05.789	159.369	159.370			6
2026.04.14	01:07:06.691	159.371	159.372			6
2026.04.14	01:07:07.596	159.369	159.370			6
2026.04.14	01:07:08.496	159.371	159.372			6
2026.04.14	01:07:09.096	159.369	159.370			6
2026.04.14	01:07:10.897	159.367	159.368			6
2026.04.14	01:07:11.197	159.368	159.369			6
2026.04.14	01:07:12.102	159.367	159.368			6
2026.04.14	01:07:19.302	159.369	159.370			6
2026.04.14	01:07:19.902	159.367	159.368			6
2026.04.14	01:07:20.806	159.368	159.369			6
2026.04.14	01:07:26.211	159.367	159.368			6
2026.04.14	01:07:28.619	159.369	159.370			6
2026.04.14	01:07:28.920	159.370	159.371			6
2026.04.14	01:07:30.120	159.368	159.369			6
2026.04.14	01:07:37.626	159.369	159.370			6
2026.04.14	01:07:39.133	159.370	159.371			6
2026.04.14	01:07:40.630	159.369	159.370			6
2026.04.14	01:07:42.438	159.365	159.366			6
2026.04.14	01:07:42.733	159.366	159.367			6
2026.04.14	01:07:43.642	159.364	159.365			6
2026.04.14	01:07:46.952	159.365	159.366			6
2026.04.14	01:07:47.252	159.366	159.367			6
2026.04.14	01:07:48.758	159.365	159.366			6
2026.04.14	01:07:50.563	159.363	159.364			6
2026.04.14	01:07:52.970	159.359	159.360			6
2026.04.14	01:07:53.268	159.358	159.359			6
2026.04.14	01:07:54.471	159.357	159.358			6
2026.04.14	01:07:55.677	159.356	159.357			6
2026.04.14	01:07:57.484	159.355	159.356			6
2026.04.14	01:07:59.896	159.356	159.357			6
2026.04.14	01:08:00.193	159.357	159.358			6
2026.04.14	01:08:01.097	159.359	159.360			6
2026.04.14	01:08:01.695	159.357	159.358			6
2026.04.14	01:08:02.595	159.356	159.357			6
2026.04.14	01:08:03.498	159.355	159.356			6
2026.04.14	01:08:04.098	159.357	159.358			6
2026.04.14	01:08:05.900	159.356	159.357			6
2026.04.14	01:08:06.801	159.355	159.356			6
2026.04.14	01:08:07.102	159.357	159.358			6
2026.04.14	01:08:07.403	159.354	159.355			6
2026.04.14	01:08:07.706	159.355	159.356			6
2026.04.14	01:08:08.002	159.354	159.355			6
2026.04.14	01:08:08.302	159.353	159.354			6
2026.04.14	01:08:08.602	159.352	159.353			6
2026.04.14	01:08:11.305	159.348	159.349			6
2026.04.14	01:08:11.607	159.351	159.352			6
2026.04.14	01:08:12.210	159.349	159.350			6
2026.04.14	01:08:13.711	159.352	159.353			6
2026.04.14	01:08:14.613	159.351	159.352			6
2026.04.14	01:08:16.109	159.352	159.353			6
2026.04.14	01:08:17.012	159.350	159.351			6
2026.04.14	01:08:17.313	159.349	159.350			6
2026.04.14	01:08:20.618	159.353	159.354			6
2026.04.14	01:08:20.915	159.354	159.355			6
2026.04.14	01:08:23.620	159.355	159.356			6
2026.04.14	01:08:26.928	159.354	159.355			6
2026.04.14	01:08:27.232	159.355	159.356			6
2026.04.14	01:08:30.836	159.356	159.357			6
2026.04.14	01:08:39.563	159.355	159.356			6
2026.04.14	01:08:46.477	159.356	159.357			6
2026.04.14	01:08:46.779	159.357	159.358			6
2026.04.14	01:08:47.376	159.356	159.357			6
2026.04.14	01:08:51.883	159.357	159.358			6
2026.04.14	01:08:53.086	159.355	159.356			6
2026.04.14	01:08:53.391	159.354	159.355			6
2026.04.14	01:08:53.692	159.355	159.356			6
2026.04.14	01:08:53.992	159.357	159.358			6
2026.04.14	01:08:59.694	159.358	159.359			6
2026.04.14	01:09:00.000	159.359	159.360			6
2026.04.14	01:09:00.296	159.358	159.359			6
2026.04.14	01:09:01.798	159.359	159.360			6
2026.04.14	01:09:03.608	159.360	159.361			6
2026.04.14	01:09:09.603	159.359	159.360			6
2026.04.14	01:09:10.203	159.360	159.361			6
2026.04.14	01:09:11.709	159.359	159.360			6
2026.04.14	01:09:14.713	159.358	159.359			6
2026.04.14	01:09:18.010	159.357	159.358			6
2026.04.14	01:09:18.311	159.355	159.356			6
2026.04.14	01:09:18.911	159.356	159.357			6
2026.04.14	01:09:19.212	159.357	159.358			6
2026.04.14	01:09:20.113	159.356	159.357			6
2026.04.14	01:09:22.219	159.357	159.358			6
2026.04.14	01:09:33.949	159.356	159.357			6
2026.04.14	01:10:00.103	159.356				2
2026.04.14	01:10:00.403	159.358	159.359			6
2026.04.14	01:10:01.308	159.359	159.360			6
2026.04.14	01:10:04.017	159.342	159.343			6
2026.04.14	01:10:04.314	159.328	159.334			6
2026.04.14	01:10:04.609	159.334	159.338			6
2026.04.14	01:10:04.908	159.331	159.332			6
2026.04.14	01:10:05.209	159.330	159.331			6
2026.04.14	01:10:06.713	159.332	159.339			6
2026.04.14	01:10:07.314		159.333			4
2026.04.14	01:10:07.919		159.339			4
2026.04.14	01:10:08.520	159.333	159.340			6
2026.04.14	01:10:08.816		159.337			4
2026.04.14	01:10:12.422		159.338			4
2026.04.14	01:10:12.721	159.343	159.346			6
2026.04.14	01:10:13.021		159.350			4
2026.04.14	01:10:13.321		159.351			4
2026.04.14	01:10:13.622		159.346			4
2026.04.14	01:10:18.438		159.345			4
2026.04.14	01:10:19.638	159.342				2
2026.04.14	01:10:30.163		159.346			4
2026.04.14	01:10:32.566		159.349			4
2026.04.14	01:10:33.469		159.346			4
2026.04.14	01:10:33.771		159.349			4
2026.04.14	01:10:34.676	159.343	159.348			6
2026.04.14	01:10:35.879		159.346			4
2026.04.14	01:10:49.099		159.347			4
2026.04.14	01:10:51.501	159.344	159.348			6
2026.04.14	01:10:56.906	159.345				2
2026.04.14	01:10:59.916		159.349			4
2026.04.14	01:11:00.220	159.345				2
2026.04.14	01:11:00.816		159.348			4
2026.04.14	01:11:02.019	159.346				2
2026.04.14	01:11:04.723	159.345				2
2026.04.14	01:11:07.424	159.344				2
2026.04.14	01:11:08.327	159.345				2
2026.04.14	01:11:13.130	159.346				2
2026.04.14	01:11:13.732		159.349			4
2026.04.14	01:11:14.030	159.348				2
2026.04.14	01:11:25.450	159.347				2
2026.04.14	01:11:26.052	159.346	159.348			6
2026.04.14	01:11:28.162		159.347			4
2026.04.14	01:11:36.275	159.347	159.348			6
2026.04.14	01:11:36.571	159.346	159.347			6
2026.04.14	01:11:36.879	159.347	159.348			6
2026.04.14	01:11:42.586	159.345	159.346			6
2026.04.14	01:11:43.188	159.346	159.347			6
2026.04.14	01:11:49.496	159.347	159.348			6
2026.04.14	01:11:52.198	159.346	159.347			6
2026.04.14	01:12:00.010	159.346				2
2026.04.14	01:12:00.904	159.347	159.348			6
2026.04.14	01:12:02.407	159.355	159.356			6
2026.04.14	01:12:02.710	159.358	159.359			6
2026.04.14	01:12:03.007	159.360	159.361			6
2026.04.14	01:12:04.208	159.358				2
2026.04.14	01:12:07.511	159.359	159.363			6
2026.04.14	01:12:07.812		159.364			4
2026.04.14	01:12:08.417	159.360				2
2026.04.14	01:12:10.216	159.361	159.365			6
2026.04.14	01:12:10.517		159.364			4
2026.04.14	01:12:10.816		159.365			4
2026.04.14	01:12:11.721		159.364			4
2026.04.14	01:12:12.919	159.362	159.366			6
2026.04.14	01:12:13.819	159.360	159.364			6
2026.04.14	01:12:14.119	159.362	159.366			6
2026.04.14	01:12:15.625	159.361	159.365			6
2026.04.14	01:12:17.426	159.358	159.362			6
2026.04.14	01:12:18.633	159.357	159.361			6
2026.04.14	01:12:21.343		159.360			4
2026.04.14	01:12:22.543	159.359	159.362			6
2026.04.14	01:12:22.845	159.360	159.363			6
2026.04.14	01:12:30.363	159.361				2
2026.04.14	01:12:32.462	159.358	159.360			6
2026.04.14	01:12:32.762	159.357	159.359			6
2026.04.14	01:12:35.770	159.355	159.356			6
2026.04.14	01:12:36.979	159.357	159.359			6
2026.04.14	01:12:37.582	159.360	159.361			6
2026.04.14	01:12:37.883	159.358	159.359			6
2026.04.14	01:12:57.107	159.361	159.362			6
2026.04.14	01:12:57.412	159.371	159.372			6
2026.04.14	01:12:57.711	159.372	159.373			6
2026.04.14	01:12:58.309	159.371	159.372			6
2026.04.14	01:13:00.119	159.371				2
2026.04.14	01:13:07.326	159.373	159.376			6
2026.04.14	01:13:15.142		159.375			4
2026.04.14	01:13:22.376	159.374				2
2026.04.14	01:13:35.301	159.373	159.374			6
2026.04.14	01:13:42.507	159.374	159.375			6
2026.04.14	01:13:42.810	159.373	159.374			6
2026.04.14	01:13:43.108	159.372	159.373			6
2026.04.14	01:13:45.212	159.371	159.372			6
2026.04.14	01:13:47.313	159.370	159.371			6
2026.04.14	01:13:57.226	159.379	159.380			6
2026.04.14	01:13:58.427	159.376	159.377			6
2026.04.14	01:13:58.728	159.375	159.376			6
2026.04.14	01:13:59.630	159.374	159.375			6
2026.04.14	01:14:00.231	159.374				2
2026.04.14	01:14:02.636	159.370	159.371			6
2026.04.14	01:14:03.236	159.369	159.370			6
2026.04.14	01:14:04.445	159.368	159.369			6
2026.04.14	01:14:04.740	159.369	159.370			6
2026.04.14	01:14:05.047	159.370	159.371			6
2026.04.14	01:14:10.452	159.369	159.370			6
2026.04.14	01:14:12.858	159.370	159.371			6
2026.04.14	01:14:13.757	159.369	159.370			6
2026.04.14	01:14:15.560	159.370	159.371			6
2026.04.14	01:14:18.866	159.369	159.370			6
2026.04.14	01:14:23.676	159.370	159.371			6
2026.04.14	01:14:29.683	159.371	159.372			6
2026.04.14	01:14:35.696	159.372	159.373			6
2026.04.14	01:14:44.099	159.371	159.372			6
2026.04.14	01:15:00.023	159.371				2
2026.04.14	01:15:05.123	159.370	159.371			6
2026.04.14	01:15:05.421	159.371	159.372			6
2026.04.14	01:15:09.327	159.370	159.371			6
2026.04.14	01:15:23.139	159.371	159.372			6
2026.04.14	01:15:24.645	159.370	159.371			6
2026.04.14	01:15:33.353	159.371	159.372			6
2026.04.14	01:15:33.651	159.375	159.376			6
2026.04.14	01:15:34.259	159.379	159.380			6
2026.04.14	01:15:36.957	159.380	159.381			6
2026.04.14	01:15:38.162	159.381	159.382			6
2026.04.14	01:15:38.459	159.380	159.381			6
2026.04.14	01:15:39.059	159.382	159.383			6
2026.04.14	01:16:00.087	159.382				2
2026.04.14	01:16:01.291	159.383	159.384			6
2026.04.14	01:16:11.806	159.384	159.385			6
2026.04.14	01:16:15.406	159.385	159.386			6
2026.04.14	01:16:20.508	159.384	159.385			6
2026.04.14	01:16:23.815	159.385	159.386			6
2026.04.14	01:16:25.915	159.392	159.393			6
2026.04.14	01:16:26.220	159.394	159.395			6
2026.04.14	01:16:26.516	159.395	159.396			6
2026.04.14	01:16:27.116	159.396	159.397			6
2026.04.14	01:16:30.717	159.395	159.396			6
2026.04.14	01:16:32.523	159.394	159.395			6
2026.04.14	01:16:37.629	159.393	159.394			6
2026.04.14	01:17:00.162	159.393				2
2026.04.14	01:17:05.866	159.392	159.393			6
2026.04.14	01:17:07.365	159.393	159.394			6
2026.04.14	01:17:11.273	159.394	159.395			6
2026.04.14	01:17:12.473	159.393	159.394			6
2026.04.14	01:17:14.279	159.394	159.395			6
2026.04.14	01:17:27.493	159.393	159.394			6
2026.04.14	01:17:38.301	159.392	159.393			6
2026.04.14	01:17:38.606	159.393	159.394			6
2026.04.14	01:17:44.608	159.395	159.396			6
2026.04.14	01:17:45.509	159.393	159.394			6
2026.04.14	01:17:52.416	159.392	159.393			6
2026.04.14	01:17:53.022	159.393	159.394			6
2026.04.14	01:17:58.721	159.392	159.393			6
2026.04.14	01:17:59.924	159.393	159.394			6
2026.04.14	01:18:00.225	159.393				2
2026.04.14	01:18:05.631	159.392	159.393			6
2026.04.14	01:18:23.372	159.394	159.395			6
2026.04.14	01:18:29.979	159.396	159.397			6
2026.04.14	01:18:30.580	159.394	159.395			6
2026.04.14	01:18:32.082	159.393	159.394			6
2026.04.14	01:18:41.401	159.394	159.395			6
2026.04.14	01:18:41.698	159.395	159.396			6
2026.04.14	01:18:42.900	159.394	159.395			6
2026.04.14	01:18:53.410	159.392	159.393			6
2026.04.14	01:18:53.711	159.393	159.394			6
2026.04.14	01:18:55.816	159.394	159.395			6
2026.04.14	01:19:00.019	159.394				2
2026.04.14	01:19:20.185	159.395	159.396			6
2026.04.14	01:19:21.379	159.394	159.395			6
2026.04.14	01:19:59.226	159.393	159.394			6
2026.04.14	01:20:00.135	159.393				2
2026.04.14	01:20:01.330	159.394	159.395			6
2026.04.14	01:20:04.031	159.393	159.394			6
2026.04.14	01:20:06.138	159.392	159.393			6
2026.04.14	01:20:11.548	159.393	159.394			6
2026.04.14	01:20:13.646	159.392	159.393			6
2026.04.14	01:20:27.784	159.393	159.394			6
2026.04.14	01:21:00.224	159.393				2
2026.04.14	01:21:27.861		159.394			4
2026.04.14	01:21:34.776	159.394	159.395			6
2026.04.14	01:21:36.580	159.393	159.394			6
2026.04.14	01:21:38.982	159.394	159.395			6
2026.04.14	01:22:00.006	159.394				2
2026.04.14	01:22:04.811	159.393	159.394			6
2026.04.14	01:22:27.051	159.394	159.395			6
2026.04.14	01:22:34.267	159.393	159.394			6
2026.04.14	01:22:36.678	159.394	159.395			6
2026.04.14	01:22:39.380	159.393	159.394			6
2026.04.14	01:22:39.683	159.394	159.395			6
2026.04.14	01:22:42.081	159.395	159.396			6
2026.04.14	01:22:56.202	159.394	159.395			6
2026.04.14	01:23:00.111	159.394				2
2026.04.14	01:23:22.339	159.393	159.394			6
2026.04.14	01:23:22.943	159.394	159.395			6
2026.04.14	01:23:46.085	159.393	159.394			6
2026.04.14	01:24:00.200	159.393				2
2026.04.14	01:24:00.502	159.394	159.395			6
2026.04.14	01:24:17.923	159.395	159.396			6
2026.04.14	01:24:21.234	159.396	159.397			6
2026.04.14	01:24:21.534	159.402	159.403			6
2026.04.14	01:24:22.129		159.404			4
2026.04.14	01:24:23.930	159.401	159.403			6
2026.04.14	01:24:26.342	159.402	159.404			6
2026.04.14	01:24:30.243	159.403				2
2026.04.14	01:24:40.464	159.394	159.395			6
2026.04.14	01:24:41.364	159.392	159.397			6
2026.04.14	01:24:51.287	159.393				2
2026.04.14	01:24:54.589	159.392	159.396			6
2026.04.14	01:24:56.091	159.393	159.397			6
2026.04.14	01:24:57.598	159.392	159.396			6
2026.04.14	01:24:57.900	159.389	159.393			6
2026.04.14	01:24:58.194	159.391	159.395			6
2026.04.14	01:24:58.494	159.390	159.394			6
2026.04.14	01:24:58.796	159.389	159.393			6
2026.04.14	01:24:59.097	159.390	159.394			6
2026.04.14	01:25:00.294	159.391	159.395			6
2026.04.14	01:25:00.595	159.392	159.396			6
2026.04.14	01:25:02.700	159.394	159.398			6
2026.04.14	01:25:07.210	159.393	159.397			6
2026.04.14	01:25:12.910	159.394	159.398			6
2026.04.14	01:25:15.318	159.393	159.397			6
2026.04.14	01:25:20.116		159.396			4
2026.04.14	01:25:23.721	159.392	159.395			6
2026.04.14	01:25:24.323	159.393	159.396			6
2026.04.14	01:25:35.135		159.395			4
2026.04.14	01:25:43.254	159.392	159.394			6
2026.04.14	01:25:45.362	159.393	159.395			6
2026.04.14	01:25:48.065	159.392	159.394			6
2026.04.14	01:25:52.276		159.393			4
2026.04.14	01:25:52.877	159.391	159.392			6
2026.04.14	01:25:53.176	159.386	159.387			6
2026.04.14	01:25:54.375	159.384	159.389			6
2026.04.14	01:25:55.282		159.388			4
2026.04.14	01:25:57.080	159.385	159.389			6
2026.04.14	01:26:00.094	159.385				2
2026.04.14	01:26:09.401		159.388			4
2026.04.14	01:26:17.205	159.386	159.389			6
2026.04.14	01:26:23.212	159.387				2
2026.04.14	01:26:28.322	159.392	159.394			6
2026.04.14	01:26:28.617	159.393	159.395			6
2026.04.14	01:26:29.218	159.392	159.396			6
2026.04.14	01:26:37.633	159.394	159.398			6
2026.04.14	01:26:37.939	159.395	159.399			6
2026.04.14	01:26:38.239		159.398			4
2026.04.14	01:26:39.136		159.399			4
2026.04.14	01:26:39.444	159.394	159.398			6
2026.04.14	01:26:40.341	159.396	159.400			6
2026.04.14	01:26:40.643	159.395	159.399			6
2026.04.14	01:26:43.350	159.396				2
2026.04.14	01:26:50.260	159.395	159.398			6
2026.04.14	01:26:55.381	159.396				2
2026.04.14	01:26:55.978	159.395	159.397			6
2026.04.14	01:27:00.191	159.395				2
2026.04.14	01:27:01.392	159.396	159.398			6
2026.04.14	01:27:04.401	159.397	159.399			6
2026.04.14	01:27:09.203		159.398			4
2026.04.14	01:27:11.004	159.398	159.399			6
2026.04.14	01:27:11.605	159.399	159.400			6
2026.04.14	01:27:16.405	159.398	159.399			6
2026.04.14	01:27:22.115	159.399	159.400			6
2026.04.14	01:27:27.518	159.398	159.399			6
2026.04.14	01:27:54.575	159.399	159.400			6
2026.04.14	01:28:00.295	159.399				2
2026.04.14	01:28:01.494	159.398	159.399			6
2026.04.14	01:28:07.199	159.399	159.400			6
2026.04.14	01:28:09.300	159.398	159.399			6
2026.04.14	01:28:24.626	159.397	159.398			6
2026.04.14	01:28:26.728	159.398	159.399			6
2026.04.14	01:28:41.759	159.399	159.400			6
2026.04.14	01:28:43.861	159.398	159.399			6
2026.04.14	01:29:00.100	159.398				2
2026.04.14	01:29:21.121	159.399	159.400			6
2026.04.14	01:29:32.530	159.398	159.399			6
2026.04.14	01:29:37.643	159.400	159.401			6
2026.04.14	01:29:38.241	159.399	159.400			6
2026.04.14	01:29:42.750	159.398	159.399			6
2026.04.14	01:29:49.071	159.396	159.397			6
2026.04.14	01:29:49.366	159.395	159.396			6
2026.04.14	01:29:49.666	159.396	159.397			6
2026.04.14	01:29:51.174	159.397	159.398			6
2026.04.14	01:29:55.084	159.398	159.399			6
2026.04.14	01:30:00.197	159.398				2
2026.04.14	01:30:02.000	159.399	159.400			6
2026.04.14	01:30:11.612	159.398	159.399			6
2026.04.14	01:30:12.210	159.399	159.400			6
2026.04.14	01:30:19.120	159.398	159.399			6
2026.04.14	01:30:19.422	159.399	159.400			6
2026.04.14	01:30:26.326	159.398	159.399			6
2026.04.14	01:30:26.626	159.399	159.400			6
2026.04.14	01:30:30.235	159.398	159.399			6
2026.04.14	01:30:34.748	159.394	159.395			6
2026.04.14	01:30:35.044	159.393	159.394			6
2026.04.14	01:30:38.352	159.394	159.395			6
2026.04.14	01:30:38.653	159.393	159.394			6
2026.04.14	01:30:42.269	159.394	159.395			6
2026.04.14	01:30:42.869	159.393	159.394			6
2026.04.14	01:30:44.671	159.395	159.396			6
2026.04.14	01:30:49.179	159.394	159.395			6
2026.04.14	01:30:49.787	159.392	159.393			6
2026.04.14	01:30:53.691	159.394	159.395			6
2026.04.14	01:31:00.001	159.394				2
2026.04.14	01:31:10.805	159.393	159.394			6
2026.04.14	01:31:23.423	159.394	159.395			6
2026.04.14	01:31:39.339	159.393	159.394			6
2026.04.14	01:31:46.845	159.392	159.393			6
2026.04.14	01:31:47.146	159.393	159.394			6
2026.04.14	01:31:47.446	159.389	159.390			6
2026.04.14	01:31:48.048	159.388	159.389			6
2026.04.14	01:31:50.153	159.385	159.386			6
2026.04.14	01:31:55.563	159.384	159.385			6
2026.04.14	01:31:57.369	159.385	159.386			6
2026.04.14	01:31:58.871	159.394	159.395			6
2026.04.14	01:31:59.170	159.392	159.400			6
2026.04.14	01:32:00.071	159.392				2
2026.04.14	01:32:00.974	159.393	159.401			6
2026.04.14	01:32:02.776	159.394	159.402			6
2026.04.14	01:32:08.186	159.393	159.401			6
2026.04.14	01:32:13.292	159.394				2
2026.04.14	01:32:17.201	159.393	159.400			6
2026.04.14	01:32:25.302	159.394				2
2026.04.14	01:32:25.602	159.395	159.401			6
2026.04.14	01:32:25.902	159.394	159.400			6
2026.04.14	01:32:26.205		159.401			4
2026.04.14	01:32:27.107		159.400			4
2026.04.14	01:32:30.104	159.396	159.402			6
2026.04.14	01:32:30.410	159.395	159.401			6
2026.04.14	01:32:35.210	159.396	159.402			6
2026.04.14	01:32:37.014		159.401			4
2026.04.14	01:32:40.915	159.395	159.400			6
2026.04.14	01:32:41.217	159.396	159.401			6
2026.04.14	01:32:41.819	159.395	159.400			6
2026.04.14	01:32:44.523	159.396				2
2026.04.14	01:32:44.818	159.395				2
2026.04.14	01:32:45.123	159.396	159.401			6
2026.04.14	01:32:46.019	159.395	159.400			6
2026.04.14	01:32:48.424		159.399			4
2026.04.14	01:32:48.727	159.394				2
2026.04.14	01:32:51.126	159.395				2
2026.04.14	01:32:53.227	159.394	159.398			6
2026.04.14	01:33:00.139	159.394				2
2026.04.14	01:33:01.339	159.395				2
2026.04.14	01:33:02.542	159.394	159.397			6
2026.04.14	01:33:02.841	159.395	159.398			6
2026.04.14	01:33:04.044		159.397			4
2026.04.14	01:33:04.345	159.394				2
2026.04.14	01:33:06.148	159.395	159.398			6
2026.04.14	01:33:07.050	159.394	159.397			6
2026.04.14	01:33:10.355		159.396			4
2026.04.14	01:33:11.863	159.395	159.397			6
2026.04.14	01:33:19.380		159.396			4
2026.04.14	01:33:20.886	159.399	159.400			6
2026.04.14	01:33:21.183	159.398	159.401			6
2026.04.14	01:33:22.694	159.395	159.399			6
2026.04.14	01:33:37.099	159.396				2
2026.04.14	01:33:42.509	159.399	159.402			6
2026.04.14	01:33:42.809	159.400				2
2026.04.14	01:33:43.109	159.399				2
2026.04.14	01:33:44.007		159.403			4
2026.04.14	01:33:44.306		159.402			4
2026.04.14	01:33:44.610		159.403			4
2026.04.14	01:33:48.209	159.400				2
2026.04.14	01:33:50.917	159.399				2
2026.04.14	01:33:51.216		159.402			4
2026.04.14	01:33:53.923		159.403			4
2026.04.14	01:33:54.221		159.401			4
2026.04.14	01:33:54.521	159.400	159.403			6
2026.04.14	01:33:55.124		159.401			4
2026.04.14	01:33:55.423		159.402			4
2026.04.14	01:33:55.722		159.401			4
2026.04.14	01:33:57.236		159.404			4
2026.04.14	01:33:57.535	159.401	159.402			6
2026.04.14	01:33:57.827		159.405			4
2026.04.14	01:33:58.129		159.402			4
2026.04.14	01:33:58.435		159.404			4
2026.04.14	01:33:58.733	159.403	159.407			6
2026.04.14	01:33:59.035	159.402	159.406			6
2026.04.14	01:33:59.333		159.407			4
2026.04.14	01:34:00.231	159.402				2
2026.04.14	01:34:01.434	159.401	159.406			6
2026.04.14	01:34:02.341	159.402	159.407			6
2026.04.14	01:34:04.748		159.406			4
2026.04.14	01:34:05.655	159.415	159.419			6
2026.04.14	01:34:05.955	159.416	159.420			6
2026.04.14	01:34:06.253		159.423			4
2026.04.14	01:34:06.554		159.422			4
2026.04.14	01:34:07.158	159.415				2
2026.04.14	01:34:07.760	159.416				2
2026.04.14	01:34:09.866		159.421			4
2026.04.14	01:34:10.766	159.415				2
2026.04.14	01:34:11.067	159.405	159.409			6
2026.04.14	01:34:11.668	159.404				2
2026.04.14	01:34:13.475	159.403	159.410			6
2026.04.14	01:34:14.380	159.404				2
2026.04.14	01:34:14.684	159.405				2
2026.04.14	01:34:15.282	159.404				2
2026.04.14	01:34:16.484	159.403				2
2026.04.14	01:34:17.086	159.402				2
2026.04.14	01:34:18.888	159.405				2
2026.04.14	01:34:23.397		159.409			4
2026.04.14	01:34:25.197		159.411			4
2026.04.14	01:34:28.200	159.407				2
2026.04.14	01:34:28.502	159.406				2
2026.04.14	01:34:35.406	159.405				2
2026.04.14	01:34:36.608	159.406				2
2026.04.14	01:34:39.614	159.405				2
2026.04.14	01:34:42.319		159.410			4
2026.04.14	01:34:57.955		159.408			4
2026.04.14	01:34:59.459		159.409			4
2026.04.14	01:35:00.061	159.405				2
2026.04.14	01:35:00.366		159.410			4
2026.04.14	01:35:02.166		159.409			4
2026.04.14	01:35:03.675	159.406	159.410			6
2026.04.14	01:35:03.975	159.405	159.409			6
2026.04.14	01:35:04.275		159.411			4
2026.04.14	01:35:06.071	159.406				2
2026.04.14	01:35:06.672	159.405	159.410			6
2026.04.14	01:35:15.691	159.407				2
2026.04.14	01:35:19.601	159.405				2
2026.04.14	01:35:22.606	159.406				2
2026.04.14	01:35:22.904	159.405				2
2026.04.14	01:35:23.205	159.406				2
2026.04.14	01:35:33.110	159.407				2
2026.04.14	01:35:39.129		159.411			4
2026.04.14	01:35:43.334		159.410			4
2026.04.14	01:35:43.634	159.408	159.411			6
2026.04.14	01:35:44.239	159.409				2
2026.04.14	01:35:53.569	159.408	159.410			6
2026.04.14	01:35:54.169	159.407				2
2026.04.14	01:35:55.372		159.409			4
2026.04.14	01:35:55.976	159.408	159.410			6
2026.04.14	01:36:00.182	159.408				2
2026.04.14	01:36:03.189		159.409			4
2026.04.14	01:36:10.394	159.398	159.399			6
2026.04.14	01:36:10.694	159.397	159.398			6
2026.04.14	01:36:11.298	159.396	159.400			6
2026.04.14	01:36:16.704	159.397				2
2026.04.14	01:36:17.904	159.396				2
2026.04.14	01:36:18.210	159.397				2
2026.04.14	01:36:19.111	159.396				2
2026.04.14	01:36:23.313	159.397				2
2026.04.14	01:36:23.614		159.401			4
2026.04.14	01:36:28.427	159.396	159.400			6
2026.04.14	01:36:29.330	159.397	159.401			6
2026.04.14	01:36:30.227	159.398				2
2026.04.14	01:36:31.131	159.396	159.400			6
2026.04.14	01:36:32.037	159.397	159.401			6
2026.04.14	01:36:32.334	159.398				2
2026.04.14	01:36:34.440	159.396	159.400			6
2026.04.14	01:36:35.340		159.399			4
2026.04.14	01:36:35.940	159.397	159.400			6
2026.04.14	01:36:41.948	159.398	159.401			6
2026.04.14	01:36:44.651	159.397	159.400			6
2026.04.14	01:36:47.362		159.399			4
2026.04.14	01:36:47.957	159.398	159.400			6
2026.04.14	01:36:48.257	159.397	159.399			6
2026.04.14	01:36:48.858	159.398	159.400			6
2026.04.14	01:36:49.459	159.397	159.399			6
2026.04.14	01:36:50.058	159.398	159.400			6
2026.04.14	01:36:50.365	159.397	159.399			6
2026.04.14	01:36:51.861	159.398	159.400			6
2026.04.14	01:36:52.161	159.399	159.401			6
2026.04.14	01:36:57.272		159.400			4
2026.04.14	01:37:00.279	159.399				2
2026.04.14	01:37:00.884	159.398	159.399			6
2026.04.14	01:37:01.482	159.399	159.400			6
2026.04.14	01:37:01.784	159.398	159.399			6
2026.04.14	01:37:07.494	159.399	159.400			6
2026.04.14	01:37:11.096	159.398	159.399			6
2026.04.14	01:37:13.501	159.396	159.397			6
2026.04.14	01:37:13.799	159.393	159.394			6
2026.04.14	01:37:14.099	159.394	159.395			6
2026.04.14	01:37:22.211	159.393	159.394			6
2026.04.14	01:37:23.107	159.392	159.393			6
2026.04.14	01:37:33.322	159.393	159.394			6
2026.04.14	01:37:33.923	159.392	159.393			6
2026.04.14	01:37:47.151	159.393	159.394			6
2026.04.14	01:37:48.054	159.392	159.393			6
2026.04.14	01:37:54.960	159.393	159.394			6
2026.04.14	01:37:55.260	159.392	159.393			6
2026.04.14	01:37:57.061	159.393	159.394			6
2026.04.14	01:37:57.961	159.392	159.393			6
2026.04.14	01:37:58.264	159.393	159.394			6
2026.04.14	01:38:00.065	159.393				2
2026.04.14	01:38:00.967	159.394	159.395			6
2026.04.14	01:38:22.010	159.393	159.394			6
2026.04.14	01:38:26.213	159.394	159.395			6
2026.04.14	01:38:27.114	159.393	159.394			6
2026.04.14	01:38:27.719	159.394	159.395			6
2026.04.14	01:38:28.614	159.393	159.394			6
2026.04.14	01:38:28.916	159.394	159.395			6
2026.04.14	01:38:29.217	159.393	159.394			6
2026.04.14	01:38:32.223	159.394	159.395			6
2026.04.14	01:38:38.831	159.393	159.394			6
2026.04.14	01:38:41.835	159.394	159.395			6
2026.04.14	01:38:42.136	159.393	159.394			6
2026.04.14	01:38:42.441	159.394	159.395			6
2026.04.14	01:38:42.737	159.393	159.394			6
2026.04.14	01:38:43.038	159.394	159.395			6
2026.04.14	01:38:43.939	159.393	159.394			6
2026.04.14	01:38:54.477	159.394	159.395			6
2026.04.14	01:38:54.774	159.393	159.394			6
2026.04.14	01:38:57.175	159.394	159.395			6
2026.04.14	01:38:58.682	159.393	159.394			6
2026.04.14	01:38:59.886	159.394	159.395			6
2026.04.14	01:39:00.187	159.394				2
2026.04.14	01:39:11.906	159.405	159.406			6
2026.04.14	01:39:12.205	159.402	159.409			6
2026.04.14	01:39:15.210	159.403				2
2026.04.14	01:39:16.114	159.402	159.408			6
2026.04.14	01:39:16.714	159.403				2
2026.04.14	01:39:20.616	159.404	159.409			6
2026.04.14	01:39:22.719	159.405				2
2026.04.14	01:39:24.221	159.403	159.408			6
2026.04.14	01:39:33.237	159.404				2
2026.04.14	01:39:33.541	159.403	159.407			6
2026.04.14	01:39:39.853	159.404	159.408			6
2026.04.14	01:39:41.357		159.407			4
2026.04.14	01:39:42.259	159.403				2
2026.04.14	01:39:43.163	159.404				2
2026.04.14	01:39:50.392	159.405				2
2026.04.14	01:39:57.301	159.406				2
2026.04.14	01:40:00.005	159.406				2
2026.04.14	01:40:11.420	159.405	159.406			6
2026.04.14	01:40:20.728	159.406	159.407			6
2026.04.14	01:40:24.932	159.405	159.406			6
2026.04.14	01:40:32.141	159.406	159.407			6
2026.04.14	01:40:33.347	159.405	159.406			6
2026.04.14	01:40:33.648	159.406	159.407			6
2026.04.14	01:41:00.101	159.406				2
2026.04.14	01:41:08.206	159.405	159.406			6
2026.04.14	01:41:10.609	159.406	159.407			6
2026.04.14	01:41:30.445	159.407	159.408			6
2026.04.14	01:41:37.362	159.406	159.407			6
2026.04.14	01:41:37.664	159.407	159.408			6
2026.04.14	01:42:00.200	159.407				2
2026.04.14	01:42:21.238	159.406	159.407			6
2026.04.14	01:42:21.839	159.407	159.408			6
2026.04.14	01:42:28.456	159.393	159.394			6
2026.04.14	01:42:28.756	159.392	159.393			6
2026.04.14	01:42:30.260		159.396			4
2026.04.14	01:42:31.165	159.388				2
2026.04.14	01:42:33.261		159.395			4
2026.04.14	01:42:34.166		159.396			4
2026.04.14	01:42:34.472		159.397			4
2026.04.14	01:42:43.493	159.389				2
2026.04.14	01:42:47.401	159.388				2
2026.04.14	01:42:49.207		159.396			4
2026.04.14	01:42:51.005	159.389	159.397			6
2026.04.14	01:42:57.616	159.388	159.396			6
2026.04.14	01:42:58.216	159.389				2
2026.04.14	01:43:00.016	159.389				2
2026.04.14	01:43:06.323		159.395			4
2026.04.14	01:43:08.731	159.390	159.396			6
2026.04.14	01:43:13.536	159.389	159.395			6
2026.04.14	01:43:14.137	159.390				2
2026.04.14	01:43:18.949	159.392	159.397			6
2026.04.14	01:43:19.250	159.393	159.398			6
2026.04.14	01:43:25.260	159.394				2
2026.04.14	01:43:32.190	159.395	159.397			6
2026.04.14	01:43:33.692	159.393	159.396			6
2026.04.14	01:43:38.203		159.395			4
2026.04.14	01:43:43.304	159.394	159.396			6
2026.04.14	01:43:44.207		159.395			4
2026.04.14	01:43:46.605	159.392	159.393			6
2026.04.14	01:43:47.208	159.391	159.392			6
2026.04.14	01:43:47.508	159.392	159.393			6
2026.04.14	01:43:49.010	159.393	159.394			6
2026.04.14	01:43:54.120	159.392	159.393			6
2026.04.14	01:43:58.022	159.393	159.394			6
2026.04.14	01:43:59.828	159.392	159.393			6
2026.04.14	01:44:00.129	159.392				2
2026.04.14	01:44:08.250	159.393	159.394			6
2026.04.14	01:44:18.184	159.392	159.393			6
2026.04.14	01:44:21.790	159.393	159.394			6
2026.04.14	01:44:22.693	159.392	159.393			6
2026.04.14	01:44:29.004	159.393	159.394			6
2026.04.14	01:44:33.808	159.392	159.393			6
2026.04.14	01:44:50.333	159.391	159.392			6
2026.04.14	01:44:50.630	159.392	159.393			6
2026.04.14	01:44:50.932	159.391	159.392			6
2026.04.14	01:44:52.733	159.392	159.393			6
2026.04.14	01:45:00.250	159.392				2
2026.04.14	01:45:01.150	159.391	159.392			6
2026.04.14	01:45:16.259	159.390	159.391			6
2026.04.14	01:45:18.028	159.391	159.392			6
2026.04.14	01:45:38.174	159.392	159.393			6
2026.04.14	01:45:43.581	159.393	159.394			6
2026.04.14	01:45:45.084	159.392	159.393			6
2026.04.14	01:45:58.304	159.391	159.392			6
2026.04.14	01:46:00.119	159.391				2
2026.04.14	01:46:00.407	159.392	159.393			6
2026.04.14	01:46:31.974	159.391	159.392			6
2026.04.14	01:46:36.488	159.392	159.393			6
2026.04.14	01:46:47.607	159.391	159.392			6
2026.04.14	01:46:48.503	159.392	159.393			6
2026.04.14	01:46:51.506	159.393	159.394			6
2026.04.14	01:46:52.406	159.392	159.393			6
2026.04.14	01:47:00.224	159.392				2
2026.04.14	01:47:02.627	159.391	159.392			6
2026.04.14	01:47:05.632	159.392	159.393			6
2026.04.14	01:47:10.143	159.391	159.392			6
2026.04.14	01:47:15.262	159.392	159.393			6
2026.04.14	01:47:21.277	159.391	159.392			6
2026.04.14	01:47:21.577	159.392	159.393			6
2026.04.14	01:47:23.085	159.391	159.392			6
2026.04.14	01:47:30.298	159.392	159.393			6
2026.04.14	01:47:30.599	159.390	159.391			6
2026.04.14	01:47:33.001	159.391	159.392			6
2026.04.14	01:47:35.702	159.392	159.393			6
2026.04.14	01:47:46.816	159.391	159.392			6
2026.04.14	01:47:47.117	159.392	159.393			6
2026.04.14	01:47:54.925	159.391	159.392			6
2026.04.14	01:47:55.230	159.392	159.393			6
2026.04.14	01:47:58.834	159.391	159.392			6
2026.04.14	01:48:00.039	159.391				2
2026.04.14	01:48:01.245	159.392	159.393			6
2026.04.14	01:48:18.395	159.391	159.392			6
2026.04.14	01:48:19.298	159.392	159.393			6
2026.04.14	01:48:22.298	159.393	159.394			6
2026.04.14	01:48:27.707	159.392	159.393			6
2026.04.14	01:48:45.429	159.393	159.394			6
2026.04.14	01:48:49.042	159.394	159.395			6
2026.04.14	01:48:49.337	159.393	159.394			6
2026.04.14	01:48:49.638	159.392	159.393			6
2026.04.14	01:48:51.745	159.393	159.394			6
2026.04.14	01:48:52.040	159.392	159.393			6
2026.04.14	01:48:55.058	159.393	159.394			6
2026.04.14	01:49:00.168	159.393				2
2026.04.14	01:49:03.473	159.392	159.393			6
2026.04.14	01:49:03.775	159.391	159.392			6
2026.04.14	01:49:05.280	159.392	159.393			6
2026.04.14	01:49:08.286	159.391	159.392			6
2026.04.14	01:49:10.693	159.392	159.393			6
2026.04.14	01:49:25.107	159.391	159.392			6
2026.04.14	01:49:25.405	159.392	159.393			6
2026.04.14	01:49:33.213	159.391	159.392			6
2026.04.14	01:49:41.622	159.392	159.393			6
2026.04.14	01:49:42.824	159.381	159.382			6
2026.04.14	01:49:44.331	159.378	159.386			6
2026.04.14	01:49:47.637	159.377	159.385			6
2026.04.14	01:49:48.239	159.378	159.386			6
2026.04.14	01:49:51.247	159.379				2
2026.04.14	01:49:53.952	159.378	159.385			6
2026.04.14	01:50:00.268	159.378				2
2026.04.14	01:50:04.176	159.379				2
2026.04.14	01:50:11.998	159.378	159.384			6
2026.04.14	01:50:12.900	159.377	159.383			6
2026.04.14	01:50:15.298	159.378				2
2026.04.14	01:50:24.607	159.379	159.384			6
2026.04.14	01:50:25.207		159.383			4
2026.04.14	01:50:30.324	159.380	159.384			6
2026.04.14	01:50:30.620	159.381	159.385			6
2026.04.14	01:50:35.131		159.384			4
2026.04.14	01:50:36.030	159.380	159.383			6
2026.04.14	01:50:39.944		159.382			4
2026.04.14	01:50:40.851	159.379				2
2026.04.14	01:50:45.968	159.380				2
2026.04.14	01:50:55.293	159.381				2
2026.04.14	01:51:00.099	159.381				2
2026.04.14	01:51:07.002	159.382	159.383			6
2026.04.14	01:51:17.518	159.380	159.381			6
2026.04.14	01:51:17.816	159.381	159.382			6
2026.04.14	01:51:21.721	159.380	159.381			6
2026.04.14	01:51:23.226	159.379	159.380			6
2026.04.14	01:51:23.830	159.378	159.379			6
2026.04.14	01:51:30.146	159.379	159.380			6
2026.04.14	01:51:31.351	159.378	159.379			6
2026.04.14	01:51:35.562	159.379	159.380			6
2026.04.14	01:51:41.584	159.378	159.379			6
2026.04.14	01:51:45.194	159.380	159.381			6
2026.04.14	01:52:00.204	159.380				2
2026.04.14	01:52:39.282	159.381	159.382			6
2026.04.14	01:52:40.787	159.380	159.381			6
2026.04.14	01:52:45.000	159.381	159.382			6
2026.04.14	01:52:45.894	159.380	159.381			6
2026.04.14	01:52:47.097	159.379	159.380			6
2026.04.14	01:52:47.399	159.380	159.381			6
2026.04.14	01:53:00.016	159.380				2
2026.04.14	01:53:08.424	159.382	159.383			6
2026.04.14	01:53:13.236	159.381	159.382			6
2026.04.14	01:53:18.664	159.380	159.381			6
2026.04.14	01:53:35.799	159.381	159.382			6
2026.04.14	01:53:40.009	159.380	159.381			6
2026.04.14	01:53:41.804	159.379	159.380			6
2026.04.14	01:53:42.104	159.380	159.381			6
2026.04.14	01:53:47.816	159.379	159.380			6
2026.04.14	01:53:50.216	159.378	159.379			6
2026.04.14	01:53:58.030	159.379	159.380			6
2026.04.14	01:53:59.831	159.378	159.379			6
2026.04.14	01:54:00.132	159.378				2
2026.04.14	01:54:01.337	159.379	159.380			6
2026.04.14	01:54:01.940	159.380	159.381			6
2026.04.14	01:54:02.242	159.381	159.382			6
2026.04.14	01:54:26.304	159.380	159.381			6
2026.04.14	01:54:26.600	159.382	159.383			6
2026.04.14	01:54:31.404	159.381	159.382			6
2026.04.14	01:54:47.325	159.382	159.383			6
2026.04.14	01:54:49.428	159.381	159.382			6
2026.04.14	01:54:51.232	159.379	159.380			6
2026.04.14	01:54:51.530	159.381	159.382			6
2026.04.14	01:54:51.832	159.380	159.381			6
2026.04.14	01:54:58.144	159.381	159.382			6
2026.04.14	01:55:00.247	159.381				2
2026.04.14	01:55:09.864	159.382	159.383			6
2026.04.14	01:55:16.183	159.368	159.375			6
2026.04.14	01:55:16.479		159.374			4
2026.04.14	01:55:16.783		159.373			4
2026.04.14	01:55:24.598		159.374			4
2026.04.14	01:55:25.499		159.373			4
2026.04.14	01:55:28.506	159.366				2
2026.04.14	01:55:28.804		159.374			4
2026.04.14	01:55:30.603	159.365				2
2026.04.14	01:55:30.907	159.366				2
2026.04.14	01:55:31.803	159.365				2
2026.04.14	01:55:35.713		159.373			4
2026.04.14	01:55:37.809	159.369				2
2026.04.14	01:55:46.231		159.375			4
2026.04.14	01:55:49.543		159.373			4
2026.04.14	01:55:50.144	159.368				2
2026.04.14	01:55:50.444		159.374			4
2026.04.14	01:55:55.561		159.373			4
2026.04.14	01:55:57.367		159.372			4
2026.04.14	01:56:00.071	159.368				2
2026.04.14	01:56:07.892		159.373			4
2026.04.14	01:56:08.493	159.366				2
2026.04.14	01:56:13.601	159.365	159.372			6
2026.04.14	01:56:16.603	159.366	159.373			6
2026.04.14	01:56:19.306	159.367				2
2026.04.14	01:56:26.815	159.366	159.372			6
2026.04.14	01:56:29.220	159.367				2
2026.04.14	01:56:31.621	159.368	159.373			6
2026.04.14	01:56:34.026	159.367	159.372			6
2026.04.14	01:56:36.738	159.366	159.371			6
2026.04.14	01:56:40.354	159.367				2
2026.04.14	01:56:47.868	159.368	159.372			6
2026.04.14	01:56:50.272		159.371			4
2026.04.14	01:56:51.477	159.369	159.372			6
2026.04.14	01:56:56.592	159.368	159.371			6
2026.04.14	01:56:57.196	159.374	159.377			6
2026.04.14	01:56:57.495	159.377	159.380			6
2026.04.14	01:56:57.793	159.378	159.381			6
2026.04.14	01:56:58.094	159.375	159.384			6
2026.04.14	01:56:59.000	159.377	159.386			6
2026.04.14	01:56:59.298		159.385			4
2026.04.14	01:56:59.598		159.386			4
2026.04.14	01:57:00.200	159.377				2
2026.04.14	01:57:01.999	159.376	159.385			6
2026.04.14	01:57:03.498	159.378				2
2026.04.14	01:57:04.099	159.376				2
2026.04.14	01:57:04.699	159.378				2
2026.04.14	01:57:08.004	159.379				2
2026.04.14	01:57:09.807	159.378				2
2026.04.14	01:57:10.407	159.377	159.384			6
2026.04.14	01:57:11.606	159.378				2
2026.04.14	01:57:11.906		159.385			4
2026.04.14	01:57:12.807	159.373	159.377			6
2026.04.14	01:57:13.108	159.372	159.380			6
2026.04.14	01:57:14.009	159.374				2
2026.04.14	01:57:25.431	159.371	159.376			6
2026.04.14	01:57:25.727	159.368	159.374			6
2026.04.14	01:57:33.843	159.367				2
2026.04.14	01:57:35.344	159.366				2
2026.04.14	01:57:39.251		159.373			4
2026.04.14	01:57:39.550		159.374			4
2026.04.14	01:57:39.848	159.367	159.376			6
2026.04.14	01:57:40.153	159.368				2
2026.04.14	01:57:41.350	159.367				2
2026.04.14	01:57:42.560	159.365	159.373			6
2026.04.14	01:57:42.855		159.372			4
2026.04.14	01:57:44.657	159.366				2
2026.04.14	01:57:47.363	159.365				2
2026.04.14	01:57:47.663	159.366	159.373			6
2026.04.14	01:57:56.692	159.365				2
2026.04.14	01:57:58.798	159.366				2
2026.04.14	01:58:00.296	159.366				2
2026.04.14	01:58:04.502		159.372			4
2026.04.14	01:58:08.108		159.371			4
2026.04.14	01:58:08.410		159.372			4
2026.04.14	01:58:16.209	159.367	159.373			6
2026.04.14	01:58:17.113		159.372			4
2026.04.14	01:58:24.322	159.368	159.373			6
2026.04.14	01:58:24.922	159.367	159.372			6
2026.04.14	01:58:26.124	159.366	159.371			6
2026.04.14	01:58:28.226		159.370			4
2026.04.14	01:58:36.349		159.369			4
2026.04.14	01:58:36.650	159.368	159.371			6
2026.04.14	01:58:38.152		159.372			4
2026.04.14	01:58:40.256		159.371			4
2026.04.14	01:58:40.853	159.369	159.372			6
2026.04.14	01:58:47.172	159.370				2
2026.04.14	01:58:51.388	159.369	159.371			6
2026.04.14	01:58:51.990	159.367	159.369			6
2026.04.14	01:58:56.197	159.368				2
2026.04.14	01:58:57.400	159.369	159.370			6
2026.04.14	01:58:58.900	159.370	159.371			6
2026.04.14	01:59:00.099	159.370				2
2026.04.14	01:59:01.903	159.369	159.370			6
2026.04.14	01:59:02.501	159.367	159.368			6
2026.04.14	01:59:03.103	159.366				2
2026.04.14	01:59:04.001	159.367				2
2026.04.14	01:59:04.305		159.369			4
2026.04.14	01:59:06.105	159.368				2
2026.04.14	01:59:06.704	159.369	159.370			6
2026.04.14	01:59:08.210		159.371			4
2026.04.14	01:59:09.107		159.370			4
2026.04.14	01:59:25.042	159.368	159.369			6
2026.04.14	01:59:50.005	159.371	159.372			6
2026.04.14	01:59:50.310	159.370	159.371			6
2026.04.14	01:59:56.913	159.369	159.370			6
2026.04.14	01:59:59.319	159.370	159.371			6
2026.04.14	02:00:00.216	159.371	159.372			6
2026.04.14	02:00:00.516	159.369	159.370			6
2026.04.14	02:00:01.717	159.370	159.371			6
2026.04.14	02:00:03.819	159.371	159.372			6
2026.04.14	02:00:04.420	159.370	159.371			6
2026.04.14	02:00:05.020	159.371	159.372			6
2026.04.14	02:00:06.825	159.370	159.371			6
2026.04.14	02:00:09.228	159.369	159.370			6
2026.04.14	02:00:11.030	159.370	159.371			6
2026.04.14	02:00:11.935	159.369	159.370			6
2026.04.14	02:00:12.838	159.371	159.372			6
2026.04.14	02:00:14.342	159.372	159.373			6
2026.04.14	02:00:14.641	159.370	159.371			6
2026.04.14	02:00:16.745	159.371	159.372			6
2026.04.14	02:00:40.505	159.370	159.371			6
2026.04.14	02:00:43.501	159.371	159.372			6
2026.04.14	02:00:43.804	159.370	159.371			6
2026.04.14	02:00:48.606	159.371	159.372			6
2026.04.14	02:00:48.906	159.370	159.371			6
2026.04.14	02:00:51.308	159.371	159.372			6
2026.04.14	02:00:59.421	159.370	159.371			6
2026.04.14	02:01:00.021	159.370				2
2026.04.14	02:01:07.232	159.371	159.372			6
2026.04.14	02:01:12.343	159.370	159.371			6
2026.04.14	02:01:17.445	159.371	159.372			6
2026.04.14	02:01:18.349	159.370	159.371			6
2026.04.14	02:01:21.651	159.371	159.372			6
2026.04.14	02:01:23.463	159.378	159.379			6
2026.04.14	02:01:23.757	159.380	159.381			6
2026.04.14	02:01:24.057	159.379	159.380			6
2026.04.14	02:01:24.358	159.373	159.378			6
2026.04.14	02:01:24.659	159.370	159.375			6
2026.04.14	02:01:24.959	159.369				2
2026.04.14	02:01:26.698		159.376			4
2026.04.14	02:01:31.060		159.375			4
2026.04.14	02:01:34.212		159.376			4
2026.04.14	02:01:35.227		159.375			4
2026.04.14	02:01:36.128	159.368				2
2026.04.14	02:01:36.427	159.369				2
2026.04.14	02:01:38.561	159.370				2
2026.04.14	02:01:42.208	159.369				2
2026.04.14	02:01:42.509	159.368				2
2026.04.14	02:01:46.112	159.369				2
2026.04.14	02:01:47.315	159.370	159.376			6
2026.04.14	02:01:47.915		159.375			4
2026.04.14	02:01:49.717	159.368				2
2026.04.14	02:01:50.018	159.369				2
2026.04.14	02:01:52.125		159.374			4
2026.04.14	02:01:56.929		159.375			4
2026.04.14	02:01:59.338		159.374			4
2026.04.14	02:02:00.240	159.369				2
2026.04.14	02:02:01.741		159.375			4
2026.04.14	02:02:06.244		159.374			4
2026.04.14	02:02:11.654		159.373			4
2026.04.14	02:02:14.063		159.372			4
2026.04.14	02:02:14.364	159.368				2
2026.04.14	02:02:19.173		159.371			4
2026.04.14	02:02:24.881	159.369	159.372			6
2026.04.14	02:02:25.181		159.371			4
2026.04.14	02:02:31.190	159.370				2
2026.04.14	02:02:32.992	159.369	159.370			6
2026.04.14	02:02:35.394	159.368	159.369			6
2026.04.14	02:02:37.198	159.369	159.370			6
2026.04.14	02:02:41.102	159.370	159.371			6
2026.04.14	02:02:43.805	159.369	159.370			6
2026.04.14	02:03:00.029	159.369				2
2026.04.14	02:03:00.330	159.370	159.371			6
2026.04.14	02:03:04.237	159.371	159.372			6
2026.04.14	02:03:04.839	159.370	159.371			6
2026.04.14	02:03:36.399	159.371	159.372			6
2026.04.14	02:03:39.101	159.369	159.370			6
2026.04.14	02:03:40.001	159.370	159.371			6
2026.04.14	02:03:40.304	159.369	159.370			6
2026.04.14	02:03:40.604	159.370	159.371			6
2026.04.14	02:03:41.504	159.371	159.372			6
2026.04.14	02:03:49.910	159.370	159.371			6
2026.04.14	02:03:50.210	159.371	159.372			6
2026.04.14	02:03:50.511	159.370	159.371			6
2026.04.14	02:03:50.813	159.371	159.372			6
2026.04.14	02:03:51.713	159.347	159.348			6
2026.04.14	02:03:52.014	159.346	159.347			6
2026.04.14	02:03:52.314	159.347	159.348			6
2026.04.14	02:03:53.215	159.346	159.352			6
2026.04.14	02:03:53.515	159.347				2
2026.04.14	02:03:54.115	159.348				2
2026.04.14	02:03:54.416	159.351	159.357			6
2026.04.14	02:03:54.715		159.358			4
2026.04.14	02:03:55.016	159.346	159.351			6
2026.04.14	02:03:55.318	159.345	159.350			6
2026.04.14	02:03:55.918	159.342	159.349			6
2026.04.14	02:03:56.219	159.343	159.350			6
2026.04.14	02:03:56.820	159.346	159.351			6
2026.04.14	02:03:57.120		159.350			4
2026.04.14	02:03:58.924	159.347				2
2026.04.14	02:04:00.124	159.347				2
2026.04.14	02:04:01.925	159.345				2
2026.04.14	02:04:02.831		159.353			4
2026.04.14	02:04:03.596	159.346				2
2026.04.14	02:04:06.673	159.345	159.350			6
2026.04.14	02:04:06.970	159.333	159.340			6
2026.04.14	02:04:07.270	159.336				2
2026.04.14	02:04:07.572	159.332	159.339			6
2026.04.14	02:04:08.173	159.331				2
2026.04.14	02:04:09.374	159.330	159.334			6
2026.04.14	02:04:09.975		159.336			4
2026.04.14	02:04:10.276	159.333	159.340			6
2026.04.14	02:04:10.578	159.331	159.339			6
2026.04.14	02:04:10.878	159.333	159.338			6
2026.04.14	02:04:11.179		159.337			4
2026.04.14	02:04:11.481	159.331				2
2026.04.14	02:04:12.107		159.336			4
2026.04.14	02:04:15.791		159.339			4
2026.04.14	02:04:16.091	159.330				2
2026.04.14	02:04:16.691		159.338			4
2026.04.14	02:04:17.592	159.332				2
2026.04.14	02:04:18.493	159.334	159.339			6
2026.04.14	02:04:18.793		159.340			4
2026.04.14	02:04:19.393	159.333	159.339			6
2026.04.14	02:04:19.693	159.334				2
2026.04.14	02:04:19.993	159.333				2
2026.04.14	02:04:21.195		159.340			4
2026.04.14	02:04:22.396	159.330	159.339			6
2026.04.14	02:04:22.696		159.338			4
2026.04.14	02:04:23.000		159.337			4
2026.04.14	02:04:23.304	159.327	159.328			6
2026.04.14	02:04:23.599	159.317	159.324			6
2026.04.14	02:04:23.899	159.315	159.323			6
2026.04.14	02:04:24.199	159.314				2
2026.04.14	02:04:24.499	159.313	159.320			6
2026.04.14	02:04:24.799		159.321			4
2026.04.14	02:04:25.099	159.314	159.322			6
2026.04.14	02:04:25.399	159.324	159.329			6
2026.04.14	02:04:25.701		159.330			4
2026.04.14	02:04:26.001	159.323				2
2026.04.14	02:04:26.301	159.317	159.324			6
2026.04.14	02:04:26.601	159.315	159.323			6
2026.04.14	02:04:26.901		159.322			4
2026.04.14	02:04:29.605	159.314				2
2026.04.14	02:04:31.107		159.321			4
2026.04.14	02:04:31.707		159.322			4
2026.04.14	02:04:32.633	159.312	159.320			6
2026.04.14	02:04:32.933	159.314				2
2026.04.14	02:04:36.835	159.315				2
2026.04.14	02:04:37.135	159.317	159.322			6
2026.04.14	02:04:41.049		159.323			4
2026.04.14	02:04:45.565		159.322			4
2026.04.14	02:04:49.476	159.316	159.323			6
2026.04.14	02:04:49.777		159.321			4
2026.04.14	02:04:50.377		159.322			4
2026.04.14	02:04:50.678		159.323			4
2026.04.14	02:04:52.485		159.322			4
2026.04.14	02:04:53.086	159.317				2
2026.04.14	02:04:53.387	159.316				2
2026.04.14	02:04:54.287		159.321			4
2026.04.14	02:04:57.292		159.320			4
2026.04.14	02:05:00.293	159.319	159.323			6
2026.04.14	02:05:00.594		159.325			4
2026.04.14	02:05:01.194	159.318	159.323			6
2026.04.14	02:05:01.494		159.324			4
2026.04.14	02:05:01.794		159.323			4
2026.04.14	02:05:02.395	159.315	159.321			6
2026.04.14	02:05:02.695	159.316	159.322			6
2026.04.14	02:05:02.994		159.321			4
2026.04.14	02:05:04.796		159.322			4
2026.04.14	02:05:07.499	159.317	159.323			6
2026.04.14	02:05:07.801		159.322			4
2026.04.14	02:05:08.401		159.321			4
2026.04.14	02:05:10.804		159.322			4
2026.04.14	02:05:11.104		159.321			4
2026.04.14	02:05:12.005	159.319	159.323			6
2026.04.14	02:05:14.406	159.318	159.322			6
2026.04.14	02:05:14.706	159.317				2
2026.04.14	02:05:18.311	159.324	159.328			6
2026.04.14	02:05:18.611		159.330			4
2026.04.14	02:05:19.210	159.325	159.331			6
2026.04.14	02:05:19.812		159.332			4
2026.04.14	02:05:20.414	159.327				2
2026.04.14	02:05:20.714		159.331			4
2026.04.14	02:05:21.014	159.326				2
2026.04.14	02:05:21.314	159.327	159.333			6
2026.04.14	02:05:21.614	159.328				2
2026.04.14	02:05:22.515	159.331	159.335			6
2026.04.14	02:05:23.416	159.330				2
2026.04.14	02:05:27.625	159.331	159.337			6
2026.04.14	02:05:30.324	159.332	159.338			6
2026.04.14	02:05:30.624	159.331	159.337			6
2026.04.14	02:05:36.636	159.332				2
2026.04.14	02:05:36.936		159.338			4
2026.04.14	02:05:37.537	159.329	159.334			6
2026.04.14	02:05:37.837		159.335			4
2026.04.14	02:05:38.137		159.334			4
2026.04.14	02:05:38.740		159.335			4
2026.04.14	02:05:39.040		159.333			4
2026.04.14	02:05:40.244	159.330				2
2026.04.14	02:05:40.545	159.329	159.334			6
2026.04.14	02:05:40.845		159.335			4
2026.04.14	02:05:41.145	159.330				2
2026.04.14	02:05:41.446	159.329	159.334			6
2026.04.14	02:05:42.348	159.328	159.333			6
2026.04.14	02:05:42.648	159.332	159.335			6
2026.04.14	02:05:42.948		159.336			4
2026.04.14	02:05:43.550	159.331				2
2026.04.14	02:05:48.064	159.330	159.335			6
2026.04.14	02:05:50.470	159.329	159.334			6
2026.04.14	02:05:52.575	159.330				2
2026.04.14	02:05:52.875	159.331	159.336			6
2026.04.14	02:05:53.777	159.332	159.337			6
2026.04.14	02:05:55.277	159.333				2
2026.04.14	02:05:57.087	159.332	159.336			6
2026.04.14	02:05:57.388	159.329	159.333			6
2026.04.14	02:05:57.689	159.332	159.336			6
2026.04.14	02:05:57.989	159.331	159.335			6
2026.04.14	02:06:00.092	159.331				2
2026.04.14	02:06:01.294	159.332	159.336			6
2026.04.14	02:06:01.593	159.331	159.335			6
2026.04.14	02:06:07.601	159.330	159.333			6
2026.04.14	02:06:07.901	159.332	159.336			6
2026.04.14	02:06:08.501	159.333	159.337			6
2026.04.14	02:06:09.101	159.332	159.336			6
2026.04.14	02:06:09.701	159.331	159.335			6
2026.04.14	02:06:11.502	159.330	159.334			6
2026.04.14	02:06:11.803	159.332	159.336			6
2026.04.14	02:06:12.103	159.330	159.334			6
2026.04.14	02:06:12.404	159.327	159.331			6
2026.04.14	02:06:12.704	159.326	159.330			6
2026.04.14	02:06:13.004		159.329			4
2026.04.14	02:06:14.506	159.325				2
2026.04.14	02:06:14.806	159.326	159.330			6
2026.04.14	02:06:16.005	159.325	159.329			6
2026.04.14	02:06:16.305	159.326				2
2026.04.14	02:06:22.312	159.324	159.327			6
2026.04.14	02:06:22.612	159.322	159.325			6
2026.04.14	02:06:25.915	159.321	159.324			6
2026.04.14	02:06:26.216	159.323	159.326			6
2026.04.14	02:06:26.517	159.324	159.327			6
2026.04.14	02:06:27.419	159.322	159.325			6
2026.04.14	02:06:27.720	159.321	159.324			6
2026.04.14	02:06:31.626	159.320	159.323			6
2026.04.14	02:06:32.527	159.323	159.326			6
2026.04.14	02:06:33.728	159.324	159.327			6
2026.04.14	02:06:34.029	159.323	159.326			6
2026.04.14	02:06:35.832	159.324	159.327			6
2026.04.14	02:06:37.335		159.326			4
2026.04.14	02:06:37.635	159.325	159.327			6
2026.04.14	02:06:40.040	159.326	159.328			6
2026.04.14	02:06:40.341	159.327	159.329			6
2026.04.14	02:06:41.547	159.326	159.328			6
2026.04.14	02:06:42.148	159.325	159.327			6
2026.04.14	02:06:43.052	159.324	159.326			6
2026.04.14	02:06:46.057	159.325	159.327			6
2026.04.14	02:06:47.561	159.326	159.328			6
2026.04.14	02:06:49.065	159.327	159.329			6
2026.04.14	02:06:49.366		159.328			4
2026.04.14	02:06:53.274	159.326	159.327			6
2026.04.14	02:06:54.175	159.325	159.326			6
2026.04.14	02:06:54.476	159.324	159.325			6
2026.04.14	02:06:55.379	159.325	159.326			6
2026.04.14	02:06:57.481	159.320	159.321			6
2026.04.14	02:06:57.781	159.322	159.323			6
2026.04.14	02:06:58.082	159.321	159.322			6
2026.04.14	02:07:00.185	159.321				2
2026.04.14	02:07:02.289	159.323	159.324			6
2026.04.14	02:07:03.190	159.322	159.323			6
2026.04.14	02:07:03.489	159.323	159.324			6
2026.04.14	02:07:07.092	159.324	159.325			6
2026.04.14	02:07:07.393	159.326	159.327			6
2026.04.14	02:07:07.692	159.329	159.330			6
2026.04.14	02:07:08.593	159.330	159.331			6
2026.04.14	02:07:09.193	159.329	159.330			6
2026.04.14	02:07:10.395	159.330	159.331			6
2026.04.14	02:07:10.996	159.329	159.330			6
2026.04.14	02:07:11.296	159.330	159.331			6
2026.04.14	02:07:11.596	159.329	159.330			6
2026.04.14	02:07:15.802	159.330	159.331			6
2026.04.14	02:07:17.602	159.332	159.333			6
2026.04.14	02:07:17.904	159.333	159.334			6
2026.04.14	02:07:21.807	159.332	159.333			6
2026.04.14	02:07:22.408	159.330	159.331			6
2026.04.14	02:07:23.309	159.331	159.332			6
2026.04.14	02:07:23.910	159.330	159.331			6
2026.04.14	02:07:26.015	159.331	159.332			6
2026.04.14	02:07:26.915	159.332	159.333			6
2026.04.14	02:07:27.215	159.331	159.332			6
2026.04.14	02:07:27.516	159.332	159.333			6
2026.04.14	02:07:27.816	159.333	159.334			6
2026.04.14	02:07:32.621	159.334	159.335			6
2026.04.14	02:07:32.922	159.336	159.337			6
2026.04.14	02:07:37.435	159.331	159.332			6
2026.04.14	02:07:37.734	159.332	159.333			6
2026.04.14	02:07:42.842	159.331	159.332			6
2026.04.14	02:07:43.144	159.332	159.333			6
2026.04.14	02:07:46.753	159.331	159.332			6
2026.04.14	02:07:47.053	159.332	159.333			6
2026.04.14	02:07:59.678	159.331	159.332			6
2026.04.14	02:08:00.280	159.331				2
2026.04.14	02:08:01.181	159.332	159.333			6
2026.04.14	02:08:02.081	159.331	159.332			6
2026.04.14	02:08:03.282	159.332	159.333			6
2026.04.14	02:08:07.491	159.333	159.334			6
2026.04.14	02:08:07.791	159.332	159.333			6
2026.04.14	02:08:11.397	159.333	159.334			6
2026.04.14	02:08:12.597	159.332	159.333			6
2026.04.14	02:08:16.202	159.331	159.332			6
2026.04.14	02:08:16.503	159.332	159.333			6
2026.04.14	02:08:22.515	159.331	159.332			6
2026.04.14	02:08:24.918	159.332	159.333			6
2026.04.14	02:08:32.732	159.331	159.332			6
2026.04.14	02:08:36.641	159.332	159.333			6
2026.04.14	02:08:36.941	159.331	159.332			6
2026.04.14	02:08:37.843	159.332	159.333			6
2026.04.14	02:08:38.443	159.331	159.332			6
2026.04.14	02:08:42.654	159.332	159.333			6
2026.04.14	02:08:45.658	159.331	159.332			6
2026.04.14	02:08:50.465	159.330	159.331			6
2026.04.14	02:08:50.765	159.331	159.332			6
2026.04.14	02:08:52.267	159.330	159.331			6
2026.04.14	02:09:00.092	159.330				2
2026.04.14	02:09:00.693	159.331	159.332			6
2026.04.14	02:09:14.209	159.330	159.331			6
2026.04.14	02:09:18.711	159.331	159.332			6
2026.04.14	02:09:19.011	159.330	159.331			6
2026.04.14	02:09:22.616	159.331	159.332			6
2026.04.14	02:09:22.918	159.330	159.331			6
2026.04.14	02:09:28.633	159.329	159.330			6
2026.04.14	02:09:32.240	159.331	159.332			6
2026.04.14	02:09:36.743	159.330	159.331			6
2026.04.14	02:09:39.747	159.331	159.332			6
2026.04.14	02:09:41.550	159.330	159.331			6
2026.04.14	02:09:46.661	159.331	159.332			6
2026.04.14	02:09:52.973	159.330	159.331			6
2026.04.14	02:09:53.275	159.322	159.323			6
2026.04.14	02:09:53.575	159.318	159.319			6
2026.04.14	02:09:54.478	159.306	159.307			6
2026.04.14	02:09:55.381	159.305	159.308			6
2026.04.14	02:09:55.983	159.306				2
2026.04.14	02:09:56.887	159.305				2
2026.04.14	02:09:57.487	159.312	159.315			6
2026.04.14	02:09:57.788	159.313	159.316			6
2026.04.14	02:09:58.087	159.312	159.315			6
2026.04.14	02:09:58.990		159.316			4
2026.04.14	02:10:00.192	159.312				2
2026.04.14	02:10:00.491	159.315	159.319			6
2026.04.14	02:10:01.393	159.316	159.320			6
2026.04.14	02:10:02.893	159.315	159.319			6
2026.04.14	02:10:03.494		159.318			4
2026.04.14	02:10:04.396		159.319			4
2026.04.14	02:10:06.498	159.316	159.320			6
2026.04.14	02:10:07.999		159.319			4
2026.04.14	02:10:08.299		159.320			4
2026.04.14	02:10:08.900		159.319			4
2026.04.14	02:10:09.501	159.315				2
2026.04.14	02:10:13.105		159.318			4
2026.04.14	02:10:17.610	159.319	159.320			6
2026.04.14	02:10:17.910		159.321			4
2026.04.14	02:10:18.512	159.318				2
2026.04.14	02:10:22.415	159.317	159.320			6
2026.04.14	02:10:22.715	159.314	159.317			6
2026.04.14	02:10:23.316	159.313	159.315			6
2026.04.14	02:10:23.617	159.310	159.313			6
2026.04.14	02:10:24.218	159.307	159.309			6
2026.04.14	02:10:25.118	159.306				2
2026.04.14	02:10:26.020	159.304	159.308			6
2026.04.14	02:10:26.621	159.305				2
2026.04.14	02:10:26.921		159.309			4
2026.04.14	02:10:27.523	159.307	159.311			6
2026.04.14	02:10:35.945	159.309	159.313			6
2026.04.14	02:10:38.676		159.312			4
2026.04.14	02:10:41.679		159.311			4
2026.04.14	02:10:43.485		159.312			4
2026.04.14	02:10:43.785		159.311			4
2026.04.14	02:10:44.085	159.308				2
2026.04.14	02:10:46.490		159.309			4
2026.04.14	02:10:48.893	159.304	159.307			6
2026.04.14	02:10:49.194	159.305	159.308			6
2026.04.14	02:10:49.494	159.306	159.309			6
2026.04.14	02:10:49.794	159.302	159.305			6
2026.04.14	02:10:50.394		159.304			4
2026.04.14	02:10:52.796		159.305			4
2026.04.14	02:10:53.698		159.304			4
2026.04.14	02:10:54.898	159.303				2
2026.04.14	02:11:00.002	159.303				2
2026.04.14	02:11:00.302	159.302				2
2026.04.14	02:11:00.603		159.303			4
2026.04.14	02:11:02.104	159.303	159.304			6
2026.04.14	02:11:02.404	159.304	159.305			6
2026.04.14	02:11:02.704	159.306	159.307			6
2026.04.14	02:11:03.004	159.304	159.306			6
2026.04.14	02:11:03.304	159.305				2
2026.04.14	02:11:03.605	159.304	159.305			6
2026.04.14	02:11:04.205	159.305	159.306			6
2026.04.14	02:11:05.107	159.302	159.303			6
2026.04.14	02:11:05.407	159.301				2
2026.04.14	02:11:05.708	159.302				2
2026.04.14	02:11:06.609	159.303	159.304			6
2026.04.14	02:11:06.909	159.304	159.305			6
2026.04.14	02:11:07.210	159.303	159.304			6
2026.04.14	02:11:07.510	159.302				2
2026.04.14	02:11:09.012	159.303	159.305			6
2026.04.14	02:11:09.314		159.304			4
2026.04.14	02:11:10.815	159.302	159.303			6
2026.04.14	02:11:12.318	159.303	159.304			6
2026.04.14	02:11:12.918	159.302	159.303			6
2026.04.14	02:11:13.519	159.303	159.304			6
2026.04.14	02:11:13.819	159.302	159.303			6
2026.04.14	02:11:26.743	159.296	159.297			6
2026.04.14	02:11:27.044	159.298	159.299			6
2026.04.14	02:11:27.344	159.300	159.301			6
2026.04.14	02:11:27.645	159.299	159.300			6
2026.04.14	02:11:30.653	159.300	159.301			6
2026.04.14	02:11:35.460	159.299	159.300			6
2026.04.14	02:11:36.360	159.300	159.301			6
2026.04.14	02:11:46.576	159.301	159.302			6
2026.04.14	02:11:47.779	159.302	159.303			6
2026.04.14	02:11:48.981	159.301	159.302			6
2026.04.14	02:11:50.186	159.300	159.301			6
2026.04.14	02:11:55.596	159.304	159.305			6
2026.04.14	02:11:56.196	159.305	159.306			6
2026.04.14	02:12:00.098	159.305				2
2026.04.14	02:12:00.398	159.307	159.308			6
2026.04.14	02:12:00.998	159.306	159.307			6
2026.04.14	02:12:01.899	159.307	159.308			6
2026.04.14	02:12:02.499	159.309	159.310			6
2026.04.14	02:12:02.799	159.310	159.311			6
2026.04.14	02:12:11.207	159.311	159.312			6
2026.04.14	02:12:12.408	159.310	159.311			6
2026.04.14	02:12:13.311	159.311	159.312			6
2026.04.14	02:12:14.213	159.310	159.311			6
2026.04.14	02:12:18.417	159.312	159.313			6
2026.04.14	02:12:18.717	159.313	159.314			6
2026.04.14	02:12:19.618	159.317	159.318			6
2026.04.14	02:12:22.622	159.320	159.321			6
2026.04.14	02:12:22.921	159.321	159.322			6
2026.04.14	02:12:25.024	159.323	159.324			6
2026.04.14	02:12:26.827	159.311	159.312			6
2026.04.14	02:12:27.428	159.313	159.314			6
2026.04.14	02:12:27.729	159.314	159.315			6
2026.04.14	02:12:28.330	159.313				2
2026.04.14	02:12:29.232	159.314				2
2026.04.14	02:12:30.734	159.317	159.318			6
2026.04.14	02:12:31.035		159.319			4
2026.04.14	02:12:32.535	159.320	159.321			6
2026.04.14	02:12:37.350	159.319				2
2026.04.14	02:12:37.650	159.321	159.323			6
2026.04.14	02:12:37.952	159.320	159.322			6
2026.04.14	02:12:38.252	159.321				2
2026.04.14	02:12:39.453	159.322	159.323			6
2026.04.14	02:12:42.457	159.321	159.322			6
2026.04.14	02:12:45.767	159.320	159.321			6
2026.04.14	02:12:56.291	159.321	159.322			6
2026.04.14	02:13:00.200	159.321				2
2026.04.14	02:13:06.206	159.322	159.323			6
2026.04.14	02:13:06.806	159.321	159.322			6
2026.04.14	02:13:16.719	159.322	159.323			6
2026.04.14	02:13:17.322	159.321	159.322			6
2026.04.14	02:13:18.825	159.320	159.321			6
2026.04.14	02:13:23.933	159.321	159.322			6
2026.04.14	02:13:24.233	159.322	159.323			6
2026.04.14	02:13:27.537	159.323	159.324			6
2026.04.14	02:13:40.768	159.322	159.323			6
2026.04.14	02:13:44.978	159.323	159.324			6
2026.04.14	02:13:46.180	159.322	159.323			6
2026.04.14	02:13:47.682	159.321	159.322			6
2026.04.14	02:13:50.993	159.322	159.323			6
2026.04.14	02:13:52.494	159.323	159.324			6
2026.04.14	02:13:52.794	159.324	159.325			6
2026.04.14	02:13:57.597	159.326	159.327			6
2026.04.14	02:14:00.299	159.326				2
2026.04.14	02:14:02.404	159.327	159.328			6
2026.04.14	02:14:02.702	159.331	159.332			6
2026.04.14	02:14:04.203	159.332	159.333			6
2026.04.14	02:14:14.116	159.333	159.334			6
2026.04.14	02:14:16.219	159.332	159.333			6
2026.04.14	02:15:00.104	159.332				2
2026.04.14	02:15:00.704	159.333	159.334			6
2026.04.14	02:15:02.206	159.332	159.333			6
2026.04.14	02:15:02.507	159.335	159.336			6
2026.04.14	02:15:07.617	159.336	159.337			6
2026.04.14	02:15:07.918	159.337	159.338			6
2026.04.14	02:15:08.820	159.338	159.339			6
2026.04.14	02:15:11.527	159.337	159.338			6
2026.04.14	02:15:17.547	159.338	159.339			6
2026.04.14	02:15:20.253	159.337	159.338			6
2026.04.14	02:15:22.359	159.338	159.339			6
2026.04.14	02:15:22.660	159.337	159.338			6
2026.04.14	02:15:22.961	159.338	159.339			6
2026.04.14	02:15:26.567	159.337	159.338			6
2026.04.14	02:15:27.468	159.338	159.339			6
2026.04.14	02:15:27.768	159.337	159.338			6
2026.04.14	02:15:32.279	159.336	159.337			6
2026.04.14	02:15:32.580	159.337	159.338			6
2026.04.14	02:15:34.384	159.338	159.339			6
2026.04.14	02:15:41.596	159.339	159.340			6
2026.04.14	02:15:46.099	159.338	159.339			6
2026.04.14	02:15:46.701	159.337	159.338			6
2026.04.14	02:15:54.814	159.336	159.337			6
2026.04.14	02:15:55.415	159.337	159.338			6
2026.04.14	02:16:00.224	159.338	159.339			6
2026.04.14	02:16:00.825	159.336	159.337			6
2026.04.14	02:16:02.326	159.337	159.338			6
2026.04.14	02:16:07.439	159.334	159.335			6
2026.04.14	02:16:07.740	159.331	159.332			6
2026.04.14	02:16:08.039	159.332	159.333			6
2026.04.14	02:16:08.340	159.329	159.330			6
2026.04.14	02:16:08.940	159.332	159.333			6
2026.04.14	02:16:12.546	159.336	159.337			6
2026.04.14	02:16:12.847	159.332	159.333			6
2026.04.14	02:16:13.148	159.331	159.332			6
2026.04.14	02:16:18.862	159.332	159.333			6
2026.04.14	02:16:24.875	159.331	159.332			6
2026.04.14	02:16:29.689	159.330	159.331			6
2026.04.14	02:16:29.991	159.326	159.327			6
2026.04.14	02:16:30.592	159.321	159.322			6
2026.04.14	02:16:30.891	159.320	159.321			6
2026.04.14	02:16:31.793	159.319	159.320			6
2026.04.14	02:16:33.895	159.320	159.321			6
2026.04.14	02:16:38.999	159.319	159.320			6
2026.04.14	02:16:43.203	159.320	159.321			6
2026.04.14	02:16:44.105	159.319	159.320			6
2026.04.14	02:16:47.111	159.320	159.321			6
2026.04.14	02:16:50.115	159.319	159.320			6
2026.04.14	02:16:54.322	159.320	159.321			6
2026.04.14	02:16:55.524	159.319	159.320			6
2026.04.14	02:17:00.028	159.319				2
2026.04.14	02:17:03.941	159.307	159.308			6
2026.04.14	02:17:05.142	159.306	159.310			6
2026.04.14	02:17:06.042	159.307				2
2026.04.14	02:17:06.343	159.306				2
2026.04.14	02:17:09.044	159.307				2
2026.04.14	02:17:09.646	159.306				2
2026.04.14	02:17:09.947	159.305	159.307			6
2026.04.14	02:17:10.247	159.298	159.301			6
2026.04.14	02:17:11.148		159.302			4
2026.04.14	02:17:11.750	159.297	159.300			6
2026.04.14	02:17:16.569	159.294	159.298			6
2026.04.14	02:17:20.504	159.297				2
2026.04.14	02:17:20.804	159.301	159.304			6
2026.04.14	02:17:21.105	159.295	159.301			6
2026.04.14	02:17:21.405		159.300			4
2026.04.14	02:17:21.706	159.296				2
2026.04.14	02:17:22.306		159.301			4
2026.04.14	02:17:22.907	159.295				2
2026.04.14	02:17:23.207	159.296	159.300			6
2026.04.14	02:17:26.224		159.299			4
2026.04.14	02:17:27.126	159.295	159.300			6
2026.04.14	02:17:27.426	159.296				2
2026.04.14	02:17:27.726		159.299			4
2026.04.14	02:17:29.527		159.300			4
2026.04.14	02:17:29.828		159.299			4
2026.04.14	02:17:31.336		159.300			4
2026.04.14	02:17:31.640	159.301	159.307			6
2026.04.14	02:17:31.939	159.306	159.310			6
2026.04.14	02:17:33.761	159.302	159.307			6
2026.04.14	02:17:37.336		159.306			4
2026.04.14	02:17:39.913	159.303	159.308			6
2026.04.14	02:17:40.514	159.304				2
2026.04.14	02:17:42.684		159.307			4
2026.04.14	02:17:46.137	159.303	159.308			6
2026.04.14	02:17:46.437	159.295	159.299			6
2026.04.14	02:17:59.634		159.297			4
2026.04.14	02:18:00.234	159.295				2
2026.04.14	02:18:01.438		159.299			4
2026.04.14	02:18:02.571		159.297			4
2026.04.14	02:18:05.314		159.298			4
2026.04.14	02:18:07.314	159.294				2
2026.04.14	02:18:08.158		159.297			4
2026.04.14	02:18:10.900	159.292	159.295			6
2026.04.14	02:18:15.497	159.290				2
2026.04.14	02:18:15.796	159.292				2
2026.04.14	02:18:16.098	159.291				2
2026.04.14	02:18:17.470	159.292				2
2026.04.14	02:18:17.770	159.291				2
2026.04.14	02:18:22.759	159.293				2
2026.04.14	02:18:23.832	159.291				2
2026.04.14	02:18:24.434	159.292				2
2026.04.14	02:18:24.734		159.296			4
2026.04.14	02:18:25.034	159.293				2
2026.04.14	02:18:26.837	159.295	159.298			6
2026.04.14	02:18:28.041	159.294				2
2026.04.14	02:18:28.341		159.297			4
2026.04.14	02:18:36.165	159.290	159.293			6
2026.04.14	02:18:36.465	159.289				2
2026.04.14	02:18:38.271	159.286	159.289			6
2026.04.14	02:18:38.572	159.285	159.287			6
2026.04.14	02:18:39.173	159.284	159.288			6
2026.04.14	02:18:39.474		159.287			4
2026.04.14	02:18:48.189		159.286			4
2026.04.14	02:18:50.893	159.283				2
2026.04.14	02:19:00.204	159.283				2
2026.04.14	02:19:00.504		159.284			4
2026.04.14	02:19:00.804	159.282	159.283			6
2026.04.14	02:19:05.308	159.281				2
2026.04.14	02:19:05.609	159.269	159.271			6
2026.04.14	02:19:05.910	159.268	159.270			6
2026.04.14	02:19:06.211		159.273			4
2026.04.14	02:19:10.361	159.269				2
2026.04.14	02:19:10.963	159.265	159.271			6
2026.04.14	02:19:11.261	159.269	159.273			6
2026.04.14	02:19:14.802	159.268				2
2026.04.14	02:19:15.415	159.269				2
2026.04.14	02:19:19.276	159.268				2
2026.04.14	02:19:21.433	159.269				2
2026.04.14	02:19:22.115	159.268				2
2026.04.14	02:19:23.166	159.269				2
2026.04.14	02:19:23.767	159.268				2
2026.04.14	02:19:24.369	159.269				2
2026.04.14	02:19:25.527	159.270	159.275			6
2026.04.14	02:19:25.827		159.274			4
2026.04.14	02:19:29.133		159.275			4
2026.04.14	02:19:32.142		159.274			4
2026.04.14	02:19:33.644	159.283	159.284			6
2026.04.14	02:19:33.943	159.284	159.287			6
2026.04.14	02:19:34.244	159.282				2
2026.04.14	02:19:34.545		159.286			4
2026.04.14	02:19:38.912		159.287			4
2026.04.14	02:19:41.113	159.280	159.286			6
2026.04.14	02:19:41.413	159.279				2
2026.04.14	02:19:45.033	159.278	159.285			6
2026.04.14	02:19:46.417		159.283			4
2026.04.14	02:19:47.391	159.277	159.284			6
2026.04.14	02:19:53.397		159.283			4
2026.04.14	02:19:59.405	159.268	159.272			6
2026.04.14	02:19:59.704	159.269				2
2026.04.14	02:20:00.005	159.269				2
2026.04.14	02:20:00.305		159.273			4
2026.04.14	02:20:00.605	159.267				2
2026.04.14	02:20:03.956		159.272			4
2026.04.14	02:20:04.290		159.273			4
2026.04.14	02:20:05.190		159.272			4
2026.04.14	02:20:07.709		159.271			4
2026.04.14	02:20:08.011	159.265	159.270			6
2026.04.14	02:20:08.311	159.266				2
2026.04.14	02:20:08.612	159.261	159.266			6
2026.04.14	02:20:08.913		159.265			4
2026.04.14	02:20:09.815	159.262				2
2026.04.14	02:20:11.316	159.259	159.264			6
2026.04.14	02:20:13.208		159.265			4
2026.04.14	02:20:13.508	159.260				2
2026.04.14	02:20:20.626	159.244	159.249			6
2026.04.14	02:20:22.128		159.248			4
2026.04.14	02:20:22.428	159.242				2
2026.04.14	02:20:22.729		159.247			4
2026.04.14	02:20:23.652	159.243	159.248			6
2026.04.14	02:20:24.254	159.244	159.249			6
2026.04.14	02:20:24.554	159.243	159.248			6
2026.04.14	02:20:25.454		159.247			4
2026.04.14	02:20:25.753	159.244				2
2026.04.14	02:20:26.054	159.243				2
2026.04.14	02:20:28.363		159.248			4
2026.04.14	02:20:29.709	159.242				2
2026.04.14	02:20:30.009	159.245				2
2026.04.14	02:20:33.519	159.244	159.247			6
2026.04.14	02:20:34.120	159.243				2
2026.04.14	02:20:34.420		159.246			4
2026.04.14	02:20:34.721		159.247			4
2026.04.14	02:20:35.024	159.245	159.250			6
2026.04.14	02:20:35.322		159.249			4
2026.04.14	02:20:35.622	159.246				2
2026.04.14	02:20:35.922	159.245				2
2026.04.14	02:20:36.524	159.244				2
2026.04.14	02:20:40.888	159.243	159.248			6
2026.04.14	02:20:41.188		159.249			4
2026.04.14	02:20:42.437		159.248			4
2026.04.14	02:20:42.738	159.241	159.246			6
2026.04.14	02:20:43.038	159.242				2
2026.04.14	02:20:43.338	159.241	159.245			6
2026.04.14	02:20:43.638	159.240	159.244			6
2026.04.14	02:20:45.436	159.239				2
2026.04.14	02:20:45.736	159.233	159.237			6
2026.04.14	02:20:46.037		159.238			4
2026.04.14	02:20:46.940	159.232	159.236			6
2026.04.14	02:20:47.240	159.228	159.232			6
2026.04.14	02:20:47.540	159.226				2
2026.04.14	02:20:47.840	159.227	159.231			6
2026.04.14	02:20:48.441	159.228	159.235			6
2026.04.14	02:20:48.741		159.234			4
2026.04.14	02:20:49.041	159.229	159.235			6
2026.04.14	02:20:50.533	159.230				2
2026.04.14	02:20:50.941	159.231				2
2026.04.14	02:20:51.242	159.230				2
2026.04.14	02:20:51.541	159.231				2
2026.04.14	02:20:51.842	159.238	159.244			6
2026.04.14	02:20:52.747	159.239	159.243			6
2026.04.14	02:20:53.348	159.234	159.239			6
2026.04.14	02:20:54.247	159.233				2
2026.04.14	02:20:57.909		159.237			4
2026.04.14	02:20:58.532		159.236			4
2026.04.14	02:21:00.237	159.233	159.237			6
2026.04.14	02:21:00.537	159.238	159.241			6
2026.04.14	02:21:00.837		159.244			4
2026.04.14	02:21:01.974	159.237	159.243			6
2026.04.14	02:21:02.274	159.238				2
2026.04.14	02:21:02.573		159.244			4
2026.04.14	02:21:03.181	159.237				2
2026.04.14	02:21:05.415	159.238	159.245			6
2026.04.14	02:21:06.010	159.239				2
2026.04.14	02:21:06.312	159.238				2
2026.04.14	02:21:07.763	159.239				2
2026.04.14	02:21:08.549	159.238				2
2026.04.14	02:21:08.851	159.239				2
2026.04.14	02:21:09.285	159.238				2
2026.04.14	02:21:10.034	159.239				2
2026.04.14	02:21:10.334	159.240	159.246			6
2026.04.14	02:21:11.536	159.239				2
2026.04.14	02:21:11.837	159.240	159.247			6
2026.04.14	02:21:12.737		159.246			4
2026.04.14	02:21:13.038		159.247			4
2026.04.14	02:21:13.338		159.246			4
2026.04.14	02:21:16.943	159.243				2
2026.04.14	02:21:18.145	159.244				2
2026.04.14	02:21:19.047	159.243				2
2026.04.14	02:21:20.847	159.244				2
2026.04.14	02:21:21.148	159.243				2
2026.04.14	02:21:22.049	159.244				2
2026.04.14	02:21:22.350		159.245			4
2026.04.14	02:21:27.760	159.243	159.247			6
2026.04.14	02:21:28.059		159.245			4
2026.04.14	02:21:28.660	159.245	159.249			6
2026.04.14	02:21:28.961	159.244				2
2026.04.14	02:21:29.561		159.250			4
2026.04.14	02:21:30.762	159.245				2
2026.04.14	02:21:34.369		159.249			4
2026.04.14	02:21:35.876	159.244				2
2026.04.14	02:21:36.476	159.246				2
2026.04.14	02:21:39.779	159.245	159.248			6
2026.04.14	02:21:40.379	159.246	159.249			6
2026.04.14	02:21:40.682		159.248			4
2026.04.14	02:21:40.983		159.249			4
2026.04.14	02:21:41.283		159.248			4
2026.04.14	02:21:41.582	159.245				2
2026.04.14	02:21:41.883		159.247			4
2026.04.14	02:21:42.784	159.246	159.248			6
2026.04.14	02:21:44.286	159.245				2
2026.04.14	02:21:45.488	159.244				2
2026.04.14	02:21:46.689	159.243	159.247			6
2026.04.14	02:21:47.290	159.242	159.246			6
2026.04.14	02:21:47.591	159.240	159.244			6
2026.04.14	02:21:48.794	159.241				2
2026.04.14	02:21:49.694		159.243			4
2026.04.14	02:21:52.097	159.240				2
2026.04.14	02:21:52.696	159.241	159.244			6
2026.04.14	02:21:54.799	159.240	159.243			6
2026.04.14	02:21:55.699	159.241				2
2026.04.14	02:21:56.901		159.242			4
2026.04.14	02:21:59.904		159.243			4
2026.04.14	02:22:00.204	159.241				2
2026.04.14	02:22:02.306		159.242			4
2026.04.14	02:22:03.508	159.240	159.241			6
2026.04.14	02:22:05.910	159.239	159.240			6
2026.04.14	02:22:06.510	159.240	159.241			6
2026.04.14	02:22:07.714	159.239	159.240			6
2026.04.14	02:22:08.315	159.241	159.242			6
2026.04.14	02:22:11.318	159.240	159.241			6
2026.04.14	02:22:11.618	159.241	159.242			6
2026.04.14	02:22:14.325	159.242	159.243			6
2026.04.14	02:22:14.925	159.241	159.242			6
2026.04.14	02:22:18.532	159.242	159.243			6
2026.04.14	02:22:20.633	159.241	159.242			6
2026.04.14	02:22:24.837	159.242	159.243			6
2026.04.14	02:22:26.340	159.241	159.242			6
2026.04.14	02:22:26.940	159.243	159.244			6
2026.04.14	02:22:27.240	159.242	159.243			6
2026.04.14	02:22:36.553	159.241	159.242			6
2026.04.14	02:22:36.854	159.242	159.243			6
2026.04.14	02:22:37.757	159.243	159.244			6
2026.04.14	02:22:38.057	159.242	159.243			6
2026.04.14	02:22:38.358	159.243	159.244			6
2026.04.14	02:22:38.658	159.242	159.243			6
2026.04.14	02:22:38.958	159.244	159.245			6
2026.04.14	02:22:44.966	159.243	159.244			6
2026.04.14	02:22:48.273	159.242	159.243			6
2026.04.14	02:22:48.874	159.234	159.235			6
2026.04.14	02:22:49.174	159.235	159.236			6
2026.04.14	02:22:53.083	159.240	159.241			6
2026.04.14	02:22:53.684	159.241	159.242			6
2026.04.14	02:22:54.284	159.240	159.241			6
2026.04.14	02:22:56.686	159.243	159.244			6
2026.04.14	02:23:00.293	159.243				2
2026.04.14	02:23:04.497	159.244	159.245			6
2026.04.14	02:23:04.796	159.243	159.244			6
2026.04.14	02:23:09.901	159.244	159.245			6
2026.04.14	02:23:15.906	159.243	159.244			6
2026.04.14	02:23:16.807	159.244	159.245			6
2026.04.14	02:23:18.308	159.237	159.238			6
2026.04.14	02:23:24.920	159.239	159.240			6
2026.04.14	02:23:38.444	159.240	159.241			6
2026.04.14	02:23:39.648	159.239	159.240			6
2026.04.14	02:23:39.948	159.233	159.234			6
2026.04.14	02:23:46.858	159.229	159.230			6
2026.04.14	02:23:47.158	159.227	159.228			6
2026.04.14	02:23:50.462	159.226	159.227			6
2026.04.14	02:23:51.665	159.227	159.228			6
2026.04.14	02:23:51.965	159.228	159.229			6
2026.04.14	02:23:53.771	159.229	159.230			6
2026.04.14	02:23:56.774	159.230	159.231			6
2026.04.14	02:23:58.877	159.231	159.232			6
