<DATE>	<TIME>	<BID>	<ASK>	<LAST>	<VOLUME>	<FLAGS>
2026.02.10	00:03:30.873	155.809	155.854			6
2026.02.10	00:03:51.560	155.764	155.882			6
2026.02.10	00:03:52.478	155.796	155.867			6
2026.02.10	00:03:53.411	155.802				2
2026.02.10	00:03:53.713		155.864			4
2026.02.10	00:03:54.642	155.804	155.857			6
2026.02.10	00:04:00.187	155.804				2
2026.02.10	00:04:54.857		155.857			4
2026.02.10	00:05:00.131	155.804				2
2026.02.10	00:05:00.742		155.856			4
2026.02.10	00:05:08.771		155.858			4
2026.02.10	00:05:20.860		155.857			4
2026.02.10	00:05:28.270		155.856			4
2026.02.10	00:05:48.286		155.855			4
2026.02.10	00:06:00.288	155.804				2
2026.02.10	00:06:07.378		155.856			4
2026.02.10	00:06:10.459		155.854			4
2026.02.10	00:06:15.709		155.855			4
2026.02.10	00:06:35.433	156.010	156.106			6
2026.02.10	00:06:35.739	156.031	156.127			6
2026.02.10	00:06:36.048	156.047	156.123			6
2026.02.10	00:06:36.358		156.124			4
2026.02.10	00:06:36.976	156.051	156.125			6
2026.02.10	00:06:37.893		156.130			4
2026.02.10	00:06:39.131		156.131			4
2026.02.10	00:06:42.849	156.046	156.126			6
2026.02.10	00:06:43.156	156.044				2
2026.02.10	00:06:47.479	156.041	156.120			6
2026.02.10	00:06:48.407	156.043	156.110			6
2026.02.10	00:06:50.264	156.053	156.112			6
2026.02.10	00:06:53.344		156.116			4
2026.02.10	00:06:54.571	155.817	156.029			6
2026.02.10	00:06:54.878	155.808	156.020			6
2026.02.10	00:07:00.128	155.808				2
2026.02.10	00:07:04.749	155.810	156.022			6
2026.02.10	00:07:05.676	155.812	156.024			6
2026.02.10	00:07:05.984	155.810	156.022			6
2026.02.10	00:07:13.390	155.813	156.025			6
2026.02.10	00:07:14.937	155.812	156.024			6
2026.02.10	00:07:16.166	155.814	156.026			6
2026.02.10	00:07:17.091	155.813	156.025			6
2026.02.10	00:07:18.331	155.814	156.026			6
2026.02.10	00:07:39.000	155.813	156.025			6
2026.02.10	00:07:42.086	155.814	156.026			6
2026.02.10	00:07:42.394	155.788	156.000			6
2026.02.10	00:07:46.719	155.790	156.002			6
2026.02.10	00:07:48.569	155.767	155.964			6
2026.02.10	00:07:48.880	155.812	156.013			6
2026.02.10	00:07:49.186	155.811	156.012			6
2026.02.10	00:07:49.809	155.809	156.010			6
2026.02.10	00:07:50.736	155.808	156.009			6
2026.02.10	00:07:51.044		156.010			4
2026.02.10	00:07:51.353	155.813	156.006			6
2026.02.10	00:07:51.969	155.814	155.957			6
2026.02.10	00:07:54.112		155.955			4
2026.02.10	00:07:55.641	155.815	155.956			6
2026.02.10	00:07:57.480	155.814	155.955			6
2026.02.10	00:07:58.097	155.815	155.956			6
2026.02.10	00:07:58.708	155.825				2
2026.02.10	00:08:00.248	155.825				2
2026.02.10	00:08:02.692		155.955			4
2026.02.10	00:08:02.993		155.954			4
2026.02.10	00:08:05.157		155.957			4
2026.02.10	00:08:05.457		155.955			4
2026.02.10	00:08:05.762		155.952			4
2026.02.10	00:08:07.597		155.953			4
2026.02.10	00:08:09.439		155.952			4
2026.02.10	00:08:09.741		155.950			4
2026.02.10	00:08:10.356		155.949			4
2026.02.10	00:08:10.659		155.948			4
2026.02.10	00:08:12.185	155.851	155.969			6
2026.02.10	00:08:12.494		155.978			4
2026.02.10	00:08:15.251		155.981			4
2026.02.10	00:08:16.779		155.976			4
2026.02.10	00:08:17.081		155.980			4
2026.02.10	00:08:17.700	155.825	155.944			6
2026.02.10	00:08:19.234		155.946			4
2026.02.10	00:08:19.545		155.947			4
2026.02.10	00:08:21.385		155.948			4
2026.02.10	00:08:21.695		155.947			4
2026.02.10	00:08:23.230		155.952			4
2026.02.10	00:08:24.150		155.951			4
2026.02.10	00:08:24.755		155.952			4
2026.02.10	00:08:25.063		155.951			4
2026.02.10	00:08:25.673		155.952			4
2026.02.10	00:08:28.105		155.951			4
2026.02.10	00:08:29.641	155.809	155.936			6
2026.02.10	00:08:29.951	155.808	155.932			6
2026.02.10	00:08:30.569	155.812	155.944			6
2026.02.10	00:08:32.422	155.828				2
2026.02.10	00:08:36.116		155.942			4
2026.02.10	00:08:36.737		155.943			4
2026.02.10	00:08:38.571		155.942			4
2026.02.10	00:08:39.186		155.940			4
2026.02.10	00:08:40.107		155.942			4
2026.02.10	00:08:40.723	155.789	155.911			6
2026.02.10	00:08:41.027	155.773	155.882			6
2026.02.10	00:09:00.304	155.776	155.885			6
2026.02.10	00:09:07.660	155.775	155.884			6
2026.02.10	00:09:15.336	155.783	155.869			6
2026.02.10	00:09:20.560	155.796	155.842			6
2026.02.10	00:09:20.867		155.841			4
2026.02.10	00:09:23.000		155.840			4
2026.02.10	00:09:23.305		155.852			4
2026.02.10	00:09:24.221		155.853			4
2026.02.10	00:09:25.757		155.851			4
2026.02.10	00:09:28.186		155.853			4
2026.02.10	00:09:31.847		155.894			4
2026.02.10	00:09:32.783		155.852			4
2026.02.10	00:09:33.095		155.894			4
2026.02.10	00:09:33.712		155.852			4
2026.02.10	00:09:36.159		155.851			4
2026.02.10	00:09:37.076		155.895			4
2026.02.10	00:09:37.385		155.897			4
2026.02.10	00:09:37.693		155.855			4
2026.02.10	00:09:39.237	155.766	155.854			6
2026.02.10	00:09:39.868		155.810			4
2026.02.10	00:09:44.161		155.854			4
2026.02.10	00:09:44.486	155.788	155.884			6
2026.02.10	00:09:44.793		155.888			4
2026.02.10	00:09:45.100		155.837			4
2026.02.10	00:09:45.414	155.793	155.833			6
2026.02.10	00:09:45.715		155.888			4
2026.02.10	00:09:48.506	155.783	155.881			6
2026.02.10	00:09:51.278		155.880			4
2026.02.10	00:09:54.059		155.881			4
2026.02.10	00:09:54.980	155.813	155.991			6
2026.02.10	00:09:55.298	155.805				2
2026.02.10	00:09:55.922	155.803				2
2026.02.10	00:09:57.459	155.804				2
2026.02.10	00:10:00.235	155.807				2
2026.02.10	00:10:03.009		155.990			4
2026.02.10	00:10:03.940	155.809				2
2026.02.10	00:10:05.191		155.991			4
2026.02.10	00:10:06.734		155.989			4
2026.02.10	00:10:07.657		155.988			4
2026.02.10	00:10:08.896		155.989			4
2026.02.10	00:10:09.211		155.987			4
2026.02.10	00:10:10.130		155.991			4
2026.02.10	00:10:11.664	155.800				2
2026.02.10	00:10:13.829		155.990			4
2026.02.10	00:10:14.137	155.801	155.991			6
2026.02.10	00:10:17.537	155.802	155.992			6
2026.02.10	00:10:18.462	155.800				2
2026.02.10	00:10:18.770	155.802	155.994			6
2026.02.10	00:10:20.932	155.794	155.986			6
2026.02.10	00:10:21.549	155.797	155.989			6
2026.02.10	00:10:22.471	155.796	155.988			6
2026.02.10	00:10:24.626	155.797	155.989			6
2026.02.10	00:10:24.938	155.798	155.990			6
2026.02.10	00:10:27.710	155.797	155.989			6
2026.02.10	00:10:28.945	155.823	155.966			6
2026.02.10	00:10:29.256	155.819	155.962			6
2026.02.10	00:10:30.492	155.818				2
2026.02.10	00:10:32.343	155.810	155.954			6
2026.02.10	00:10:44.362	155.809	155.953			6
2026.02.10	00:10:46.827		155.952			4
2026.02.10	00:10:47.132	155.814	155.982			6
2026.02.10	00:10:48.977	155.813	155.981			6
2026.02.10	00:10:50.526	155.812	155.980			6
2026.02.10	00:10:51.448	155.811	155.979			6
2026.02.10	00:10:52.985	155.809	155.977			6
2026.02.10	00:10:54.828	155.808	155.976			6
2026.02.10	00:11:00.052	155.808				2
2026.02.10	00:11:00.360		155.977			4
2026.02.10	00:11:01.287		155.976			4
2026.02.10	00:11:04.357	155.802	155.970			6
2026.02.10	00:11:06.201	155.803	155.971			6
2026.02.10	00:11:08.663	155.804	155.972			6
2026.02.10	00:11:08.972	155.805	155.973			6
2026.02.10	00:11:09.898	155.807	155.975			6
2026.02.10	00:11:16.653	155.806	155.974			6
2026.02.10	00:11:23.405	155.804	155.972			6
2026.02.10	00:11:26.791	155.818	155.940			6
2026.02.10	00:11:27.099	155.807	155.932			6
2026.02.10	00:11:35.078	155.824	155.930			6
2026.02.10	00:11:35.393	155.828				2
2026.02.10	00:11:39.366		155.947			4
2026.02.10	00:11:40.293		155.930			4
2026.02.10	00:12:00.232	155.828				2
2026.02.10	00:12:01.468	155.827				2
2026.02.10	00:12:23.364	155.829				2
2026.02.10	00:12:25.834	155.830				2
2026.02.10	00:12:28.614	155.834	155.907			6
2026.02.10	00:12:28.919	155.831				2
2026.02.10	00:12:29.222	155.830				2
2026.02.10	00:12:34.743	155.809	155.930			6
2026.02.10	00:12:35.044	155.811	155.924			6
2026.02.10	00:12:37.832	155.810	155.923			6
2026.02.10	00:12:40.302	155.809	155.922			6
2026.02.10	00:12:41.219	155.808	155.921			6
2026.02.10	00:12:50.206	155.807				2
2026.02.10	00:12:55.474	155.806	155.920			6
2026.02.10	00:13:00.113	155.806				2
2026.02.10	00:13:04.131	155.807	155.921			6
2026.02.10	00:13:05.984	155.806	155.920			6
2026.02.10	00:13:07.546	155.805				2
2026.02.10	00:13:07.857	155.804				2
2026.02.10	00:13:09.096	155.803	155.919			6
2026.02.10	00:13:10.332	155.804	155.920			6
2026.02.10	00:13:13.131	155.803	155.919			6
2026.02.10	00:13:15.597	155.802				2
2026.02.10	00:13:26.376	155.801	155.918			6
2026.02.10	00:13:31.907	155.802	155.919			6
2026.02.10	00:13:34.674	155.801	155.918			6
2026.02.10	00:13:41.160	155.800	155.917			6
2026.02.10	00:13:47.326	155.801	155.918			6
2026.02.10	00:13:52.253	155.800	155.917			6
2026.02.10	00:14:00.281	155.800				2
2026.02.10	00:14:05.215	155.795	155.922			6
2026.02.10	00:14:07.383	155.794				2
2026.02.10	00:14:09.547	155.795	155.923			6
2026.02.10	00:14:10.170	155.796				2
2026.02.10	00:14:11.719	155.795				2
2026.02.10	00:14:14.500	155.794	155.922			6
2026.02.10	00:14:18.832	155.793	155.921			6
2026.02.10	00:14:20.067	155.794	155.922			6
2026.02.10	00:14:30.849	155.793	155.921			6
2026.02.10	00:14:33.012	155.792	155.920			6
2026.02.10	00:14:40.748		155.921			4
2026.02.10	00:14:42.303		155.920			4
2026.02.10	00:14:42.923	155.793	155.922			6
2026.02.10	00:15:00.206	155.795	155.921			6
2026.02.10	00:15:00.524		155.920			4
2026.02.10	00:15:03.299		155.921			4
2026.02.10	00:15:03.611		155.920			4
2026.02.10	00:15:05.766	155.796				2
2026.02.10	00:15:06.072		155.919			4
2026.02.10	00:15:09.142		155.921			4
2026.02.10	00:15:12.229		155.920			4
2026.02.10	00:15:15.300	155.793	155.919			6
2026.02.10	00:15:15.609		155.920			4
2026.02.10	00:15:18.071		155.919			4
2026.02.10	00:15:41.838		155.918			4
2026.02.10	00:15:42.460		155.919			4
2026.02.10	00:15:44.623		155.918			4
2026.02.10	00:15:45.237	155.824	155.896			6
2026.02.10	00:15:45.554	155.827				2
2026.02.10	00:15:47.393		155.895			4
2026.02.10	00:15:48.320	155.826				2
2026.02.10	00:15:48.622	155.816				2
2026.02.10	00:15:50.772	155.815				2
2026.02.10	00:15:51.994	155.814				2
2026.02.10	00:15:52.602	155.825				2
2026.02.10	00:15:59.628	155.826				2
2026.02.10	00:16:00.240	155.825				2
2026.02.10	00:16:02.078	155.826				2
2026.02.10	00:16:05.156	155.828				2
2026.02.10	00:16:07.007	155.830				2
2026.02.10	00:16:07.314	155.826				2
2026.02.10	00:16:08.236	155.828				2
2026.02.10	00:16:09.466	155.827				2
2026.02.10	00:16:10.086	155.818				2
2026.02.10	00:16:11.936	155.819				2
2026.02.10	00:16:14.997	155.821				2
2026.02.10	00:16:19.592	155.820				2
2026.02.10	00:16:19.897	155.821				2
2026.02.10	00:16:21.124	155.812				2
2026.02.10	00:16:21.742	155.820				2
2026.02.10	00:16:24.492	155.821				2
2026.02.10	00:16:33.137	155.822				2
2026.02.10	00:16:33.445	155.821				2
2026.02.10	00:16:35.911	155.822				2
2026.02.10	00:16:36.223	155.821				2
2026.02.10	00:16:47.608		155.895			4
2026.02.10	00:16:48.527	155.822				2
2026.02.10	00:16:50.685	155.821				2
2026.02.10	00:16:56.861	155.822				2
2026.02.10	00:16:58.710	155.831				2
2026.02.10	00:16:59.014	155.830				2
2026.02.10	00:17:00.248	155.830				2
2026.02.10	00:17:03.627		155.876			4
2026.02.10	00:17:03.931	155.826				2
2026.02.10	00:17:14.087	155.842	155.990			6
2026.02.10	00:17:14.398	155.860				2
2026.02.10	00:17:15.326	155.859				2
2026.02.10	00:17:15.637	155.864	155.988			6
2026.02.10	00:17:16.869	155.867				2
2026.02.10	00:17:18.106	155.845				2
2026.02.10	00:17:18.419	155.853				2
2026.02.10	00:17:23.336	155.848				2
2026.02.10	00:17:23.639	155.858				2
2026.02.10	00:17:23.945	155.861				2
2026.02.10	00:17:25.481	155.849				2
2026.02.10	00:17:25.788	155.851				2
2026.02.10	00:17:27.944	155.856				2
2026.02.10	00:17:29.778	155.839				2
2026.02.10	00:17:30.090	155.837				2
2026.02.10	00:17:32.237	155.840				2
2026.02.10	00:17:34.388		155.986			4
2026.02.10	00:17:36.238		155.981			4
2026.02.10	00:17:39.022		155.980			4
2026.02.10	00:17:39.646		155.981			4
2026.02.10	00:17:40.260	155.800	155.988			6
2026.02.10	00:17:40.571	155.799	155.986			6
2026.02.10	00:17:41.192		155.977			4
2026.02.10	00:17:41.803	155.798	155.970			6
2026.02.10	00:17:42.116	155.800	155.966			6
2026.02.10	00:17:43.648		155.964			4
2026.02.10	00:17:43.963		155.963			4
2026.02.10	00:17:45.517	155.810	155.983			6
2026.02.10	00:17:45.831	155.805	155.978			6
2026.02.10	00:17:47.372	155.806	155.979			6
2026.02.10	00:17:48.302	155.800	155.971			6
2026.02.10	00:17:49.832		155.970			4
2026.02.10	00:17:51.069		155.964			4
2026.02.10	00:17:51.376		155.963			4
2026.02.10	00:17:52.913		155.970			4
2026.02.10	00:17:53.217		155.969			4
2026.02.10	00:17:54.136		155.958			4
2026.02.10	00:17:54.443	155.801	155.959			6
2026.02.10	00:17:54.754		155.966			4
2026.02.10	00:17:55.062	155.800	155.965			6
2026.02.10	00:17:55.370		155.964			4
2026.02.10	00:17:56.600		155.956			4
2026.02.10	00:17:56.906		155.955			4
2026.02.10	00:17:57.211		155.954			4
2026.02.10	00:17:59.976		155.972			4
2026.02.10	00:18:00.282	155.800	155.965			6
2026.02.10	00:18:00.901		155.967			4
2026.02.10	00:18:02.757		155.964			4
2026.02.10	00:18:04.908		155.960			4
2026.02.10	00:18:07.672		155.957			4
2026.02.10	00:18:09.525	155.811	155.982			6
2026.02.10	00:18:09.833		155.981			4
2026.02.10	00:18:10.144		155.978			4
2026.02.10	00:18:12.295		155.972			4
2026.02.10	00:18:17.226		155.969			4
2026.02.10	00:18:20.003		155.966			4
2026.02.10	00:18:22.787		155.969			4
2026.02.10	00:18:26.194		155.970			4
2026.02.10	00:18:26.816		155.969			4
2026.02.10	00:18:28.982		155.966			4
2026.02.10	00:18:29.605		155.967			4
2026.02.10	00:18:33.924		155.966			4
2026.02.10	00:18:34.852		155.974			4
2026.02.10	00:18:35.164		155.972			4
2026.02.10	00:18:37.017		155.976			4
2026.02.10	00:18:38.551		155.973			4
2026.02.10	00:18:39.473		155.972			4
2026.02.10	00:18:42.255		155.969			4
2026.02.10	00:18:44.106		155.968			4
2026.02.10	00:18:47.490	155.809				2
2026.02.10	00:18:56.728		155.965			4
2026.02.10	00:18:57.035		155.973			4
2026.02.10	00:18:57.343		155.972			4
2026.02.10	00:19:00.111	155.809				2
2026.02.10	00:19:01.956		155.971			4
2026.02.10	00:19:03.194		155.972			4
2026.02.10	00:19:09.662		155.966			4
2026.02.10	00:19:09.970		155.970			4
2026.02.10	00:19:11.823		155.967			4
2026.02.10	00:19:26.323	155.810				2
2026.02.10	00:19:32.784		155.966			4
2026.02.10	00:19:33.397		155.968			4
2026.02.10	00:19:33.703		155.967			4
2026.02.10	00:19:39.889		155.965			4
2026.02.10	00:19:40.201		155.966			4
2026.02.10	00:19:49.457		155.967			4
2026.02.10	00:19:50.071		155.966			4
2026.02.10	00:19:50.378		155.967			4
2026.02.10	00:19:57.158		155.992			4
2026.02.10	00:19:57.467		155.973			4
2026.02.10	00:20:00.238	155.810	155.983			6
2026.02.10	00:20:03.945		155.984			4
2026.02.10	00:20:09.818		155.970			4
2026.02.10	00:20:11.366		155.976			4
2026.02.10	00:20:11.676		155.980			4
2026.02.10	00:20:13.530		155.979			4
2026.02.10	00:20:20.327	155.811				2
2026.02.10	00:20:25.902		155.980			4
2026.02.10	00:20:32.693		155.974			4
2026.02.10	00:20:33.003		155.977			4
2026.02.10	00:20:33.932		155.978			4
2026.02.10	00:20:36.089		155.976			4
2026.02.10	00:20:39.175		155.974			4
2026.02.10	00:20:42.892		155.976			4
2026.02.10	00:20:44.143		155.977			4
2026.02.10	00:20:47.543	155.809				2
2026.02.10	00:20:48.468		155.976			4
2026.02.10	00:20:50.317		155.974			4
2026.02.10	00:20:56.484		155.982			4
2026.02.10	00:21:00.178	155.809	155.983			6
2026.02.10	00:21:16.294		155.992			4
2026.02.10	00:21:20.305		155.978			4
2026.02.10	00:21:20.610		155.981			4
2026.02.10	00:21:21.539		155.980			4
2026.02.10	00:21:23.084		155.978			4
2026.02.10	00:21:24.319		155.975			4
2026.02.10	00:21:24.626		155.980			4
2026.02.10	00:21:26.480		155.977			4
2026.02.10	00:21:31.443		155.984			4
2026.02.10	00:21:32.677		155.980			4
2026.02.10	00:21:32.985		155.976			4
2026.02.10	00:21:33.922		155.978			4
2026.02.10	00:21:36.097		155.977			4
2026.02.10	00:21:39.504	155.807				2
2026.02.10	00:21:39.818	155.803	155.976			6
2026.02.10	00:21:40.128	155.801	155.975			6
2026.02.10	00:21:40.759		155.974			4
2026.02.10	00:21:42.005		155.976			4
2026.02.10	00:21:47.862		155.974			4
2026.02.10	00:21:53.731		155.973			4
2026.02.10	00:21:58.666		155.974			4
2026.02.10	00:22:00.216	155.801				2
2026.02.10	00:22:05.776		155.979			4
2026.02.10	00:22:07.629		155.972			4
2026.02.10	00:22:07.943		155.970			4
2026.02.10	00:22:10.416	155.802				2
2026.02.10	00:22:21.248		155.974			4
2026.02.10	00:22:24.645		155.977			4
2026.02.10	00:22:25.255		155.973			4
2026.02.10	00:22:33.948		155.968			4
2026.02.10	00:22:38.257		155.978			4
2026.02.10	00:22:40.408		155.970			4
2026.02.10	00:22:40.715		155.971			4
2026.02.10	00:22:41.019		155.972			4
2026.02.10	00:22:41.636		155.971			4
2026.02.10	00:22:41.942		155.967			4
2026.02.10	00:22:44.103		155.966			4
2026.02.10	00:22:47.480	155.800	155.965			6
2026.02.10	00:22:50.257		155.967			4
2026.02.10	00:22:52.424		155.965			4
2026.02.10	00:22:52.732		155.966			4
2026.02.10	00:22:55.208		155.963			4
2026.02.10	00:22:55.821		155.967			4
2026.02.10	00:22:57.063		155.965			4
2026.02.10	00:22:57.369		155.962			4
2026.02.10	00:22:58.608		155.960			4
2026.02.10	00:23:00.146	155.800				2
2026.02.10	00:23:05.086		155.958			4
2026.02.10	00:23:12.169		155.972			4
2026.02.10	00:23:12.478		155.976			4
2026.02.10	00:23:13.404		155.962			4
2026.02.10	00:23:15.558		155.960			4
2026.02.10	00:23:16.173		155.964			4
2026.02.10	00:23:17.406		155.963			4
2026.02.10	00:23:18.016		155.962			4
2026.02.10	00:23:22.331	155.801				2
2026.02.10	00:23:26.337	155.809	155.964			6
2026.02.10	00:23:28.495	155.810				2
2026.02.10	00:23:30.346		155.959			4
2026.02.10	00:23:36.200		155.968			4
2026.02.10	00:23:36.510		155.967			4
2026.02.10	00:23:40.510		155.981			4
2026.02.10	00:23:40.825		155.964			4
2026.02.10	00:23:42.971		155.961			4
2026.02.10	00:23:44.532		155.965			4
2026.02.10	00:23:44.838	155.811				2
2026.02.10	00:23:45.766		155.968			4
2026.02.10	00:23:46.074		155.962			4
2026.02.10	00:23:48.855		155.963			4
2026.02.10	00:23:50.397		155.965			4
2026.02.10	00:23:50.713		155.963			4
2026.02.10	00:24:00.261	155.811				2
2026.02.10	00:24:01.491		155.961			4
2026.02.10	00:24:03.657		155.964			4
2026.02.10	00:24:07.049	155.812				2
2026.02.10	00:24:08.285		155.977			4
2026.02.10	00:24:09.523		155.976			4
2026.02.10	00:24:15.087		155.982			4
2026.02.10	00:24:15.394		155.980			4
2026.02.10	00:24:16.323		155.976			4
2026.02.10	00:24:23.738		155.967			4
2026.02.10	00:24:27.148	155.814	155.968			6
2026.02.10	00:24:31.169	155.815				2
2026.02.10	00:24:31.786		155.970			4
2026.02.10	00:24:34.248	155.813				2
2026.02.10	00:24:35.794		155.968			4
2026.02.10	00:24:37.342	155.811				2
2026.02.10	00:24:37.644		155.965			4
2026.02.10	00:24:38.265		155.963			4
2026.02.10	00:24:40.417	155.803	155.906			6
2026.02.10	00:24:48.143	155.816	155.898			6
2026.02.10	00:25:00.095	155.816				2
2026.02.10	00:25:10.513	155.821				2
2026.02.10	00:25:48.242		155.898			4
2026.02.10	00:26:00.223	155.821				2
2026.02.10	00:26:48.466		155.898			4
2026.02.10	00:26:50.009	155.819				2
2026.02.10	00:26:58.659	155.818				2
2026.02.10	00:27:00.207	155.818				2
2026.02.10	00:27:06.686		155.919			4
2026.02.10	00:27:07.308		155.898			4
2026.02.10	00:27:18.700		155.918			4
2026.02.10	00:27:19.621		155.898			4
2026.02.10	00:27:23.636	155.819				2
2026.02.10	00:27:52.659	155.820				2
2026.02.10	00:27:59.132	155.829				2
2026.02.10	00:28:00.058	155.829				2
2026.02.10	00:28:19.799		155.898			4
2026.02.10	00:28:30.015	155.820				2
2026.02.10	00:28:35.600	155.821				2
2026.02.10	00:28:38.688	155.819				2
2026.02.10	00:28:44.890	155.818				2
2026.02.10	00:28:53.244	155.829				2
2026.02.10	00:29:00.033	155.829				2
2026.02.10	00:29:20.087		155.898			4
2026.02.10	00:29:24.402	155.818				2
2026.02.10	00:29:30.252	155.819				2
2026.02.10	00:29:32.407		155.911			4
2026.02.10	00:29:33.035		155.898			4
2026.02.10	00:30:00.276	155.819	155.914			6
2026.02.10	00:30:00.900		155.898			4
2026.02.10	00:30:01.519	155.818				2
2026.02.10	00:30:09.561	155.816	155.889			6
2026.02.10	00:30:10.187		155.898			4
2026.02.10	00:30:23.569	155.817				2
2026.02.10	00:30:36.002	155.819	155.896			6
2026.02.10	00:30:38.782	155.821	155.898			6
2026.02.10	00:30:39.089		155.895			4
2026.02.10	00:30:40.936	155.818	155.898			6
2026.02.10	00:30:41.253	155.817				2
2026.02.10	00:30:41.871	155.820	155.897			6
2026.02.10	00:30:45.873	155.817	155.898			6
2026.02.10	00:30:46.178	155.823				2
2026.02.10	00:30:46.489	155.817				2
2026.02.10	00:30:54.549	155.815				2
2026.02.10	00:30:57.680		155.897			4
2026.02.10	00:31:00.174	155.815				2
2026.02.10	00:31:02.049	155.817	155.898			6
2026.02.10	00:31:03.612		155.896			4
2026.02.10	00:31:04.235		155.897			4
2026.02.10	00:31:04.542		155.896			4
2026.02.10	00:31:09.533		155.898			4
2026.02.10	00:31:18.174		155.893			4
2026.02.10	00:31:18.475		155.898			4
2026.02.10	00:31:20.361		155.894			4
2026.02.10	00:31:24.414		155.893			4
2026.02.10	00:31:26.566		155.892			4
2026.02.10	00:31:29.662		155.894			4
2026.02.10	00:31:30.266		155.893			4
2026.02.10	00:31:31.188		155.894			4
2026.02.10	00:31:33.659	155.816	155.892			6
2026.02.10	00:31:35.823		155.893			4
2026.02.10	00:31:38.288	155.818				2
2026.02.10	00:31:39.519		155.890			4
2026.02.10	00:31:39.834		155.892			4
2026.02.10	00:31:43.210		155.890			4
2026.02.10	00:31:43.523		155.891			4
2026.02.10	00:31:45.063		155.892			4
2026.02.10	00:31:48.134	155.811	155.896			6
2026.02.10	00:31:48.445		155.894			4
2026.02.10	00:31:49.057		155.893			4
2026.02.10	00:31:49.363		155.895			4
2026.02.10	00:31:51.207		155.893			4
2026.02.10	00:31:53.052		155.892			4
2026.02.10	00:31:55.203	155.814	155.893			6
2026.02.10	00:31:55.515	155.813	155.891			6
2026.02.10	00:32:00.125	155.813				2
2026.02.10	00:32:01.678		155.892			4
2026.02.10	00:32:02.295		155.891			4
2026.02.10	00:32:05.398		155.892			4
2026.02.10	00:32:06.020	155.811	155.891			6
2026.02.10	00:32:06.943		155.893			4
2026.02.10	00:32:07.249		155.892			4
2026.02.10	00:32:09.401	155.805				2
2026.02.10	00:32:09.713	155.802	155.890			6
2026.02.10	00:32:10.021	155.807				2
2026.02.10	00:32:10.328		155.888			4
2026.02.10	00:32:11.267	155.810	155.885			6
2026.02.10	00:32:12.197	155.807	155.889			6
2026.02.10	00:32:13.129		155.886			4
2026.02.10	00:32:13.436	155.810	155.887			6
2026.02.10	00:32:14.699	155.811	155.881			6
2026.02.10	00:32:17.789	155.814	155.880			6
2026.02.10	00:32:18.721		155.881			4
2026.02.10	00:32:22.425		155.878			4
2026.02.10	00:32:23.671		155.877			4
2026.02.10	00:32:27.708		155.876			4
2026.02.10	00:32:28.014	155.812	155.878			6
2026.02.10	00:32:28.321		155.875			4
2026.02.10	00:32:29.245		155.874			4
2026.02.10	00:32:31.105		155.873			4
2026.02.10	00:32:31.413		155.874			4
2026.02.10	00:32:32.037		155.879			4
2026.02.10	00:32:32.343		155.876			4
2026.02.10	00:32:33.275	155.810	155.874			6
2026.02.10	00:32:34.199		155.875			4
2026.02.10	00:32:34.822		155.873			4
2026.02.10	00:32:36.053		155.874			4
2026.02.10	00:32:36.972		155.876			4
2026.02.10	00:32:37.279		155.878			4
2026.02.10	00:32:38.206	155.811	155.872			6
2026.02.10	00:32:41.297	155.805	155.878			6
2026.02.10	00:32:41.914		155.875			4
2026.02.10	00:32:43.140		155.874			4
2026.02.10	00:32:44.679	155.807	155.879			6
2026.02.10	00:32:52.094	155.808	155.878			6
2026.02.10	00:32:53.017		155.877			4
2026.02.10	00:32:53.332	155.811				2
2026.02.10	00:32:54.560		155.878			4
2026.02.10	00:32:57.038		155.875			4
2026.02.10	00:32:57.348		155.878			4
2026.02.10	00:33:00.121	155.811				2
2026.02.10	00:33:06.926		155.876			4
2026.02.10	00:33:07.854		155.875			4
2026.02.10	00:33:18.079		155.874			4
2026.02.10	00:33:24.587	155.809				2
2026.02.10	00:33:32.640		155.876			4
2026.02.10	00:33:33.249		155.873			4
2026.02.10	00:33:35.423		155.872			4
2026.02.10	00:33:38.196		155.877			4
2026.02.10	00:33:45.296	155.815				2
2026.02.10	00:33:49.312		155.874			4
2026.02.10	00:33:53.347		155.875			4
2026.02.10	00:34:00.144	155.815				2
2026.02.10	00:34:06.038		155.876			4
2026.02.10	00:34:19.922		155.875			4
2026.02.10	00:34:21.771	155.807	155.874			6
2026.02.10	00:34:22.079	155.814	155.867			6
2026.02.10	00:34:23.003		155.869			4
2026.02.10	00:34:27.009		155.871			4
2026.02.10	00:34:28.547	155.820	155.868			6
2026.02.10	00:34:41.495	155.799				2
2026.02.10	00:34:42.725		155.859			4
2026.02.10	00:34:43.028	155.797	155.852			6
2026.02.10	00:34:43.964	155.798				2
2026.02.10	00:34:45.194	155.802	155.851			6
2026.02.10	00:34:46.432	155.806	155.850			6
2026.02.10	00:34:48.596	155.808				2
2026.02.10	00:34:48.900		155.849			4
2026.02.10	00:34:50.138	155.806	155.850			6
2026.02.10	00:34:51.987		155.849			4
2026.02.10	00:34:56.299		155.848			4
2026.02.10	00:34:58.790		155.843			4
2026.02.10	00:35:00.031	155.806				2
2026.02.10	00:35:00.644		155.844			4
2026.02.10	00:35:01.267		155.843			4
2026.02.10	00:35:02.193	155.805	155.857			6
2026.02.10	00:35:02.498	155.801				2
2026.02.10	00:35:04.363	155.803	155.852			6
2026.02.10	00:35:05.293		155.853			4
2026.02.10	00:35:06.839		155.854			4
2026.02.10	00:35:08.064		155.855			4
2026.02.10	00:35:11.142	155.815				2
2026.02.10	00:35:11.444	155.818	155.866			6
2026.02.10	00:35:12.365	155.819				2
2026.02.10	00:35:12.673	155.818	155.863			6
2026.02.10	00:35:13.298		155.862			4
2026.02.10	00:35:13.912		155.861			4
2026.02.10	00:35:15.142	155.851	155.926			6
2026.02.10	00:35:15.445		155.920			4
2026.02.10	00:35:15.760		155.919			4
2026.02.10	00:35:16.691	155.855	155.927			6
2026.02.10	00:35:17.000	155.835				2
2026.02.10	00:35:18.231	155.837	155.932			6
2026.02.10	00:35:18.538	155.839	155.930			6
2026.02.10	00:35:19.459		155.926			4
2026.02.10	00:35:20.076	155.835	155.938			6
2026.02.10	00:35:20.382	155.829	155.934			6
2026.02.10	00:35:21.309	155.824	155.929			6
2026.02.10	00:35:22.230		155.928			4
2026.02.10	00:35:22.853		155.922			4
2026.02.10	00:35:24.722		155.925			4
2026.02.10	00:35:25.341		155.919			4
2026.02.10	00:35:26.265	155.850	155.928			6
2026.02.10	00:35:26.573	155.849	155.918			6
2026.02.10	00:35:27.809	155.840	155.916			6
2026.02.10	00:35:28.117		155.917			4
2026.02.10	00:35:28.423		155.920			4
2026.02.10	00:35:29.351		155.915			4
2026.02.10	00:35:29.967	155.827	155.910			6
2026.02.10	00:35:30.274	155.834	155.924			6
2026.02.10	00:35:31.201	155.838	155.919			6
2026.02.10	00:35:32.131	155.840	155.917			6
2026.02.10	00:35:32.440	155.841	155.922			6
2026.02.10	00:35:33.371	155.839	155.917			6
2026.02.10	00:35:33.687		155.913			4
2026.02.10	00:35:33.990		155.910			4
2026.02.10	00:35:34.921	155.835	155.911			6
2026.02.10	00:35:35.227		155.909			4
2026.02.10	00:35:35.840		155.914			4
2026.02.10	00:35:36.766	155.845	155.929			6
2026.02.10	00:35:37.078		155.931			4
2026.02.10	00:35:37.697		155.928			4
2026.02.10	00:35:38.006	155.840	155.925			6
2026.02.10	00:35:40.166	155.841				2
2026.02.10	00:35:41.097	155.843				2
2026.02.10	00:35:41.405		155.923			4
2026.02.10	00:35:42.962	155.842				2
2026.02.10	00:35:43.897	155.882	155.933			6
2026.02.10	00:35:44.202	155.823	155.925			6
2026.02.10	00:35:44.509	155.816	155.926			6
2026.02.10	00:35:44.817	155.818	155.920			6
2026.02.10	00:35:45.131		155.918			4
2026.02.10	00:35:45.444		155.917			4
2026.02.10	00:35:46.060	155.843	155.921			6
2026.02.10	00:35:46.365	155.825	155.927			6
2026.02.10	00:35:46.670		155.928			4
2026.02.10	00:35:46.974		155.925			4
2026.02.10	00:35:47.286	155.828	155.924			6
2026.02.10	00:35:47.594	155.832	155.942			6
2026.02.10	00:35:47.901	155.833	155.939			6
2026.02.10	00:35:48.211	155.832	155.934			6
2026.02.10	00:35:48.518	155.834	155.941			6
2026.02.10	00:35:48.827	155.832	155.933			6
2026.02.10	00:35:49.140	155.831	155.921			6
2026.02.10	00:35:49.450	155.826	155.917			6
2026.02.10	00:35:49.757		155.915			4
2026.02.10	00:35:50.062	155.827	155.918			6
2026.02.10	00:35:50.364	155.828	155.913			6
2026.02.10	00:35:50.978		155.912			4
2026.02.10	00:35:51.911		155.909			4
2026.02.10	00:35:52.227	155.831	155.911			6
2026.02.10	00:35:53.152		155.924			4
2026.02.10	00:35:53.458	155.837	155.926			6
2026.02.10	00:35:53.772	155.833	155.921			6
2026.02.10	00:35:54.078	155.838	155.920			6
2026.02.10	00:35:54.396	155.839	155.918			6
2026.02.10	00:35:54.701		155.916			4
2026.02.10	00:35:55.022		155.919			4
2026.02.10	00:35:55.325		155.918			4
2026.02.10	00:35:55.635	155.841	155.922			6
2026.02.10	00:35:55.937		155.918			4
2026.02.10	00:35:56.239	155.838	155.910			6
2026.02.10	00:35:56.546	155.835	155.917			6
2026.02.10	00:35:56.852	155.837	155.912			6
2026.02.10	00:35:57.157	155.836	155.909			6
2026.02.10	00:35:57.772		155.916			4
2026.02.10	00:35:58.087		155.914			4
2026.02.10	00:35:58.396	155.841	155.913			6
2026.02.10	00:35:59.019	155.837	155.921			6
2026.02.10	00:35:59.320	155.839	155.918			6
2026.02.10	00:35:59.622	155.836	155.915			6
2026.02.10	00:35:59.925	155.832	155.912			6
2026.02.10	00:36:00.236	155.838	155.917			6
2026.02.10	00:36:00.866		155.915			4
2026.02.10	00:36:01.180	155.835	155.912			6
2026.02.10	00:36:01.484	155.836	155.910			6
2026.02.10	00:36:01.801		155.912			4
2026.02.10	00:36:02.109	155.834	155.911			6
2026.02.10	00:36:02.423		155.910			4
2026.02.10	00:36:02.732	155.831	155.907			6
2026.02.10	00:36:03.036		155.903			4
2026.02.10	00:36:03.338		155.905			4
2026.02.10	00:36:03.643		155.904			4
2026.02.10	00:36:04.272	155.837	155.932			6
2026.02.10	00:36:04.578	155.843	155.947			6
2026.02.10	00:36:04.884	155.832	155.930			6
2026.02.10	00:36:05.200	155.834	155.927			6
2026.02.10	00:36:05.505		155.923			4
2026.02.10	00:36:06.127		155.921			4
2026.02.10	00:36:06.437	155.836	155.919			6
2026.02.10	00:36:06.738		155.916			4
2026.02.10	00:36:07.054	155.833	155.917			6
2026.02.10	00:36:07.364		155.918			4
2026.02.10	00:36:07.667		155.922			4
2026.02.10	00:36:08.286	155.839	155.920			6
2026.02.10	00:36:08.601	155.842				2
2026.02.10	00:36:08.910	155.843	155.932			6
2026.02.10	00:36:09.218		155.923			4
2026.02.10	00:36:09.532	155.840	155.920			6
2026.02.10	00:36:10.140	155.838	155.915			6
2026.02.10	00:36:10.444	155.837	155.913			6
2026.02.10	00:36:10.761		155.915			4
2026.02.10	00:36:11.073	155.841	155.917			6
2026.02.10	00:36:11.378	155.840	155.912			6
2026.02.10	00:36:11.690	155.839				2
2026.02.10	00:36:12.002		155.915			4
2026.02.10	00:36:12.314	155.842	155.912			6
2026.02.10	00:36:12.623	155.839	155.915			6
2026.02.10	00:36:12.931		155.913			4
2026.02.10	00:36:13.244		155.912			4
2026.02.10	00:36:13.552	155.842	155.928			6
2026.02.10	00:36:13.859	155.845	155.916			6
2026.02.10	00:36:14.173	155.842	155.930			6
2026.02.10	00:36:14.477	155.839	155.924			6
2026.02.10	00:36:14.785		155.920			4
2026.02.10	00:36:15.094	155.842				2
2026.02.10	00:36:15.402	155.834	155.917			6
2026.02.10	00:36:16.636	155.839				2
2026.02.10	00:36:17.559	155.836	155.910			6
2026.02.10	00:36:17.865		155.912			4
2026.02.10	00:36:18.180	155.835	155.910			6
2026.02.10	00:36:18.491	155.836	155.920			6
2026.02.10	00:36:18.801	155.837	155.918			6
2026.02.10	00:36:19.110		155.915			4
2026.02.10	00:36:19.421		155.912			4
2026.02.10	00:36:19.726		155.914			4
2026.02.10	00:36:20.036	155.829	155.918			6
2026.02.10	00:36:20.343	155.832				2
2026.02.10	00:36:20.645	155.834	155.923			6
2026.02.10	00:36:20.961	155.833	155.921			6
2026.02.10	00:36:21.271		155.918			4
2026.02.10	00:36:21.581	155.829	155.906			6
2026.02.10	00:36:21.892		155.912			4
2026.02.10	00:36:22.199	155.835	155.915			6
2026.02.10	00:36:22.505	155.844	155.937			6
2026.02.10	00:36:22.810	155.831	155.927			6
2026.02.10	00:36:23.118	155.840	155.926			6
2026.02.10	00:36:23.420	155.836	155.920			6
2026.02.10	00:36:23.723		155.918			4
2026.02.10	00:36:24.034		155.916			4
2026.02.10	00:36:24.336	155.832	155.914			6
2026.02.10	00:36:24.956		155.916			4
2026.02.10	00:36:25.265	155.838	155.914			6
2026.02.10	00:36:25.566		155.916			4
2026.02.10	00:36:25.876	155.833	155.909			6
2026.02.10	00:36:26.497	155.828	155.903			6
2026.02.10	00:36:26.800		155.906			4
2026.02.10	00:36:27.103	155.834	155.907			6
2026.02.10	00:36:27.404	155.835	155.917			6
2026.02.10	00:36:27.717		155.912			4
2026.02.10	00:36:28.018	155.831	155.909			6
2026.02.10	00:36:28.330		155.913			4
2026.02.10	00:36:28.642		155.911			4
2026.02.10	00:36:29.263	155.828	155.912			6
2026.02.10	00:36:29.565		155.905			4
2026.02.10	00:36:29.877		155.906			4
2026.02.10	00:36:30.190		155.904			4
2026.02.10	00:36:30.491		155.907			4
2026.02.10	00:36:30.806		155.900			4
2026.02.10	00:36:31.116		155.899			4
2026.02.10	00:36:33.275	155.835	155.909			6
2026.02.10	00:36:33.580		155.904			4
2026.02.10	00:36:34.196		155.907			4
2026.02.10	00:36:35.129	155.838				2
2026.02.10	00:36:35.432	155.833	155.903			6
2026.02.10	00:36:36.049		155.905			4
2026.02.10	00:36:36.357		155.904			4
2026.02.10	00:36:36.973		155.902			4
2026.02.10	00:36:37.276	155.831				2
2026.02.10	00:36:38.513	155.838	155.908			6
2026.02.10	00:36:38.820	155.844	155.909			6
2026.02.10	00:36:39.129	155.842	155.916			6
2026.02.10	00:36:39.437	155.845	155.914			6
2026.02.10	00:36:39.755		155.906			4
2026.02.10	00:36:40.062	155.842	155.907			6
2026.02.10	00:36:41.288	155.845	155.908			6
2026.02.10	00:36:45.305		155.909			4
2026.02.10	00:36:49.316		155.907			4
2026.02.10	00:36:51.465		155.909			4
2026.02.10	00:36:53.309		155.906			4
2026.02.10	00:36:53.620		155.908			4
2026.02.10	00:36:53.931		155.902			4
2026.02.10	00:36:54.240		155.904			4
2026.02.10	00:36:55.164		155.911			4
2026.02.10	00:36:55.778		155.909			4
2026.02.10	00:36:57.313	155.844	155.910			6
2026.02.10	00:36:57.925		155.930			4
2026.02.10	00:36:58.237	155.852	155.940			6
2026.02.10	00:36:58.539	155.844	155.936			6
2026.02.10	00:36:58.848	155.848	155.930			6
2026.02.10	00:36:59.155		155.932			4
2026.02.10	00:36:59.469	155.844	155.929			6
2026.02.10	00:36:59.778	155.850				2
2026.02.10	00:37:00.086	155.844	155.924			6
2026.02.10	00:37:00.390	155.842	155.921			6
2026.02.10	00:37:00.697	155.839	155.920			6
2026.02.10	00:37:01.003	155.837	155.917			6
2026.02.10	00:37:01.307	155.836	155.914			6
2026.02.10	00:37:01.623		155.915			4
2026.02.10	00:37:01.931		155.912			4
2026.02.10	00:37:02.545	155.840	155.911			6
2026.02.10	00:37:02.853	155.836	155.912			6
2026.02.10	00:37:03.158	155.842	155.910			6
2026.02.10	00:37:03.468	155.843	155.916			6
2026.02.10	00:37:03.783	155.839	155.914			6
2026.02.10	00:37:04.090	155.842	155.913			6
2026.02.10	00:37:04.398		155.914			4
2026.02.10	00:37:04.708		155.911			4
2026.02.10	00:37:05.018		155.912			4
2026.02.10	00:37:05.332	155.840				2
2026.02.10	00:37:05.634		155.911			4
2026.02.10	00:37:05.941		155.910			4
2026.02.10	00:37:06.254		155.912			4
2026.02.10	00:37:06.560		155.907			4
2026.02.10	00:37:06.868	155.843	155.912			6
2026.02.10	00:37:07.175		155.917			4
2026.02.10	00:37:07.485		155.912			4
2026.02.10	00:37:07.788		155.911			4
2026.02.10	00:37:08.101		155.910			4
2026.02.10	00:37:09.328		155.908			4
2026.02.10	00:37:11.179		155.909			4
2026.02.10	00:37:14.891	155.850	155.938			6
2026.02.10	00:37:15.196	155.843	155.933			6
2026.02.10	00:37:15.503	155.848	155.931			6
2026.02.10	00:37:15.810		155.929			4
2026.02.10	00:37:16.123	155.849				2
2026.02.10	00:37:17.042	155.844	155.920			6
2026.02.10	00:37:17.352	155.848	155.935			6
2026.02.10	00:37:17.658	155.843	155.928			6
2026.02.10	00:37:18.278		155.920			4
2026.02.10	00:37:18.588	155.839	155.918			6
2026.02.10	00:37:18.896	155.837	155.914			6
2026.02.10	00:37:19.203	155.839	155.912			6
2026.02.10	00:37:19.510		155.910			4
2026.02.10	00:37:19.821	155.836	155.911			6
2026.02.10	00:37:20.435		155.908			4
2026.02.10	00:37:20.755	155.831	155.902			6
2026.02.10	00:37:21.060		155.908			4
2026.02.10	00:37:21.364	155.840	155.909			6
2026.02.10	00:37:21.678	155.837	155.911			6
2026.02.10	00:37:21.986	155.840				2
2026.02.10	00:37:22.303	155.843	155.917			6
2026.02.10	00:37:22.613		155.909			4
2026.02.10	00:37:22.921		155.911			4
2026.02.10	00:37:25.079		155.915			4
2026.02.10	00:37:25.384		155.920			4
2026.02.10	00:37:27.242		155.919			4
2026.02.10	00:37:29.100		155.920			4
2026.02.10	00:37:29.723		155.918			4
2026.02.10	00:37:30.026	155.845				2
2026.02.10	00:37:30.953		155.916			4
2026.02.10	00:37:32.188		155.917			4
2026.02.10	00:37:32.497	155.871				2
2026.02.10	00:37:32.800		155.920			4
2026.02.10	00:37:33.110	155.879	155.919			6
2026.02.10	00:37:33.416		155.920			4
2026.02.10	00:37:34.029		155.921			4
2026.02.10	00:37:34.638		155.919			4
2026.02.10	00:37:34.941		155.921			4
2026.02.10	00:37:36.167	155.893	155.922			6
2026.02.10	00:37:36.478	155.890	155.924			6
2026.02.10	00:37:36.788	155.888				2
2026.02.10	00:37:37.089	155.889	155.953			6
2026.02.10	00:37:37.396	155.892	155.954			6
2026.02.10	00:37:39.249	155.887	155.924			6
2026.02.10	00:37:39.552		155.923			4
2026.02.10	00:37:40.164	155.888	155.926			6
2026.02.10	00:37:40.774		155.924			4
2026.02.10	00:37:41.079		155.927			4
2026.02.10	00:37:41.385		155.926			4
2026.02.10	00:37:42.006	155.892				2
2026.02.10	00:37:42.309	155.897	155.929			6
2026.02.10	00:37:42.616	155.894				2
2026.02.10	00:37:42.926		155.927			4
2026.02.10	00:37:43.227	155.897				2
2026.02.10	00:37:44.147		155.926			4
2026.02.10	00:37:45.998	155.880	155.927			6
2026.02.10	00:37:46.299	155.884	155.924			6
2026.02.10	00:37:46.601	155.882	155.925			6
2026.02.10	00:37:46.902	155.884	155.923			6
2026.02.10	00:37:47.205		155.924			4
2026.02.10	00:37:48.119	155.886				2
2026.02.10	00:37:48.420	155.884	155.922			6
2026.02.10	00:37:48.731		155.921			4
2026.02.10	00:37:49.036	155.882	155.927			6
2026.02.10	00:37:49.338	155.872	155.928			6
2026.02.10	00:37:49.640	155.879	155.925			6
2026.02.10	00:37:49.949		155.923			4
2026.02.10	00:37:50.252		155.922			4
2026.02.10	00:37:50.861	155.875	155.920			6
2026.02.10	00:37:51.165	155.879	155.929			6
2026.02.10	00:37:51.467		155.925			4
2026.02.10	00:37:52.083	155.878				2
2026.02.10	00:37:52.697	155.884	155.926			6
2026.02.10	00:37:52.999	155.879	155.925			6
2026.02.10	00:37:53.608	155.880				2
2026.02.10	00:37:53.914	155.884	155.921			6
2026.02.10	00:37:54.218	155.882	155.928			6
2026.02.10	00:37:54.829	155.880	155.925			6
2026.02.10	00:37:55.131	155.875	155.924			6
2026.02.10	00:37:55.440	155.880	155.928			6
2026.02.10	00:37:55.747		155.927			4
2026.02.10	00:37:56.365		155.926			4
2026.02.10	00:37:56.671	155.879	155.924			6
2026.02.10	00:37:56.973		155.926			4
2026.02.10	00:37:58.186		155.928			4
2026.02.10	00:37:58.489		155.927			4
2026.02.10	00:37:59.104	155.877	155.926			6
2026.02.10	00:37:59.408	155.883				2
2026.02.10	00:37:59.712	155.879	155.927			6
2026.02.10	00:38:00.022	155.883	155.928			6
2026.02.10	00:38:00.324		155.926			4
2026.02.10	00:38:00.626	155.882	155.928			6
2026.02.10	00:38:00.929	155.879	155.929			6
2026.02.10	00:38:01.232	155.883	155.928			6
2026.02.10	00:38:01.535	155.881	155.926			6
2026.02.10	00:38:01.853	155.878	155.927			6
2026.02.10	00:38:02.156	155.877				2
2026.02.10	00:38:02.461	155.881	155.926			6
2026.02.10	00:38:02.765		155.927			4
2026.02.10	00:38:03.998	155.879	155.926			6
2026.02.10	00:38:04.300	155.884	155.929			6
2026.02.10	00:38:04.602		155.927			4
2026.02.10	00:38:04.912	155.882	155.925			6
2026.02.10	00:38:05.214	155.881	155.928			6
2026.02.10	00:38:06.427	155.884				2
2026.02.10	00:38:06.734	155.883	155.929			6
2026.02.10	00:38:07.045	155.887				2
2026.02.10	00:38:07.346	155.885	155.926			6
2026.02.10	00:38:07.648	155.883	155.929			6
2026.02.10	00:38:07.953		155.927			4
2026.02.10	00:38:08.564	155.882	155.928			6
2026.02.10	00:38:08.874	155.884	155.927			6
2026.02.10	00:38:09.180		155.928			4
2026.02.10	00:38:09.481	155.880	155.927			6
2026.02.10	00:38:09.784	155.883	155.930			6
2026.02.10	00:38:10.086		155.929			4
2026.02.10	00:38:10.395		155.927			4
2026.02.10	00:38:10.706	155.881				2
2026.02.10	00:38:11.959	155.884	155.928			6
2026.02.10	00:38:12.272	155.886	155.926			6
2026.02.10	00:38:12.578	155.885	155.927			6
2026.02.10	00:38:12.884	155.880	155.928			6
2026.02.10	00:38:13.497		155.929			4
2026.02.10	00:38:14.726	155.886	155.927			6
2026.02.10	00:38:15.029	155.884	155.929			6
2026.02.10	00:38:15.343		155.930			4
2026.02.10	00:38:15.960	155.886				2
2026.02.10	00:38:16.267	155.883	155.928			6
2026.02.10	00:38:16.577	155.882	155.925			6
2026.02.10	00:38:17.197	155.884	155.926			6
2026.02.10	00:38:17.503	155.886				2
2026.02.10	00:38:17.816	155.884	155.928			6
2026.02.10	00:38:18.121		155.927			4
2026.02.10	00:38:19.041	155.886				2
2026.02.10	00:38:21.202		155.926			4
2026.02.10	00:38:23.048		155.927			4
2026.02.10	00:38:23.355	155.887	155.929			6
2026.02.10	00:38:24.584	155.884	155.928			6
2026.02.10	00:38:24.888	155.878	155.932			6
2026.02.10	00:38:25.199	155.884	155.930			6
2026.02.10	00:38:25.508		155.929			4
2026.02.10	00:38:26.745		155.928			4
2026.02.10	00:38:27.671	155.886	155.929			6
2026.02.10	00:38:27.976	155.883				2
2026.02.10	00:38:28.914		155.930			4
2026.02.10	00:38:29.219	155.886	155.928			6
2026.02.10	00:38:29.530	155.880	155.930			6
2026.02.10	00:38:29.832	155.885				2
2026.02.10	00:38:30.145		155.929			4
2026.02.10	00:38:30.766	155.886	155.897			6
2026.02.10	00:38:31.070	155.872				2
2026.02.10	00:38:36.941	155.867	155.923			6
2026.02.10	00:38:37.870	155.874	155.907			6
2026.02.10	00:38:44.373	155.867				2
2026.02.10	00:38:45.604	155.871				2
2026.02.10	00:38:46.534	155.876				2
2026.02.10	00:38:53.346	155.878				2
2026.02.10	00:38:54.278	155.877				2
2026.02.10	00:38:55.200	155.879				2
2026.02.10	00:39:00.162	155.879				2
2026.02.10	00:39:02.037	155.877				2
2026.02.10	00:39:05.442	155.875				2
2026.02.10	00:39:05.745	155.877				2
2026.02.10	00:39:07.602	155.879				2
2026.02.10	00:39:08.525	155.877				2
2026.02.10	00:39:16.842	155.876				2
2026.02.10	00:39:17.150	155.874				2
2026.02.10	00:39:19.343	155.877				2
2026.02.10	00:39:23.669	155.878				2
2026.02.10	00:39:23.978	155.876				2
2026.02.10	00:39:26.159	155.879				2
2026.02.10	00:39:28.332	155.874				2
2026.02.10	00:39:28.638	155.878				2
2026.02.10	00:39:28.945	155.876				2
2026.02.10	00:39:31.108	155.880				2
2026.02.10	00:39:37.896		155.907			4
2026.02.10	00:40:00.086	155.880				2
2026.02.10	00:40:14.574		155.919			4
2026.02.10	00:40:15.195		155.907			4
2026.02.10	00:40:16.737	155.875				2
2026.02.10	00:40:17.353	155.874				2
2026.02.10	00:40:21.065	155.881				2
2026.02.10	00:40:21.381	155.879				2
2026.02.10	00:40:22.323	155.874				2
2026.02.10	00:40:24.488		155.910			4
2026.02.10	00:40:27.598	155.855	155.905			6
2026.02.10	00:40:27.901		155.903			4
2026.02.10	00:40:28.215		155.901			4
2026.02.10	00:40:28.838		155.903			4
2026.02.10	00:40:29.144		155.905			4
2026.02.10	00:40:29.454		155.904			4
2026.02.10	00:40:31.309		155.902			4
2026.02.10	00:40:32.235		155.903			4
2026.02.10	00:40:33.476		155.900			4
2026.02.10	00:40:34.089		155.902			4
2026.02.10	00:40:34.721	155.838				2
2026.02.10	00:40:35.344		155.901			4
2026.02.10	00:40:35.655	155.855				2
2026.02.10	00:40:38.444		155.900			4
2026.02.10	00:40:39.058		155.901			4
2026.02.10	00:40:39.998		155.902			4
2026.02.10	00:40:40.306		155.901			4
2026.02.10	00:40:43.401	155.845				2
2026.02.10	00:40:44.032	155.855				2
2026.02.10	00:40:44.651	155.845				2
2026.02.10	00:40:46.505	155.846	155.902			6
2026.02.10	00:40:48.666		155.905			4
2026.02.10	00:40:48.974		155.904			4
2026.02.10	00:40:49.587		155.905			4
2026.02.10	00:40:51.123		155.904			4
2026.02.10	00:40:54.243		155.902			4
2026.02.10	00:40:55.171		155.905			4
2026.02.10	00:40:59.186		155.904			4
2026.02.10	00:40:59.492		155.905			4
2026.02.10	00:40:59.805		155.903			4
2026.02.10	00:41:00.115	155.846				2
2026.02.10	00:41:01.971		155.904			4
2026.02.10	00:41:03.212		155.903			4
2026.02.10	00:41:03.523		155.902			4
2026.02.10	00:41:06.316		155.904			4
2026.02.10	00:41:06.622	155.845	155.902			6
2026.02.10	00:41:07.557		155.901			4
2026.02.10	00:41:07.868	155.855				2
2026.02.10	00:41:08.480	155.860	155.900			6
2026.02.10	00:41:09.418	155.864				2
2026.02.10	00:41:10.657		155.902			4
2026.02.10	00:41:11.900		155.901			4
2026.02.10	00:41:14.381	155.843				2
2026.02.10	00:41:14.686	155.816	155.946			6
2026.02.10	00:41:15.631	155.804	155.948			6
2026.02.10	00:41:16.243		155.949			4
2026.02.10	00:41:17.189	155.830	155.937			6
2026.02.10	00:41:17.504	155.829	155.936			6
2026.02.10	00:41:18.128		155.937			4
2026.02.10	00:41:18.432	155.835				2
2026.02.10	00:41:19.059		155.936			4
2026.02.10	00:41:19.373		155.937			4
2026.02.10	00:41:19.996		155.938			4
2026.02.10	00:41:20.610	155.829	155.937			6
2026.02.10	00:41:21.238		155.936			4
2026.02.10	00:41:22.169		155.937			4
2026.02.10	00:41:22.479		155.936			4
2026.02.10	00:41:22.791		155.886			4
2026.02.10	00:41:23.718	155.830				2
2026.02.10	00:41:34.267		155.885			4
2026.02.10	00:41:41.096	155.804				2
2026.02.10	00:41:55.620		155.882			4
2026.02.10	00:41:58.107		155.885			4
2026.02.10	00:42:00.310	155.804				2
2026.02.10	00:42:01.238		155.881			4
2026.02.10	00:42:05.265	155.803				2
2026.02.10	00:42:06.192	155.804				2
2026.02.10	00:42:09.280	155.830				2
2026.02.10	00:42:09.898	155.804				2
2026.02.10	00:42:10.513	155.830				2
2026.02.10	00:42:14.859	155.804				2
2026.02.10	00:42:15.483	155.830				2
2026.02.10	00:42:25.122		155.880			4
2026.02.10	00:42:26.366		155.878			4
2026.02.10	00:42:28.243		155.877			4
2026.02.10	00:42:28.870		155.874			4
2026.02.10	00:42:30.743	155.807				2
2026.02.10	00:42:31.057		155.875			4
2026.02.10	00:42:31.368	155.830				2
2026.02.10	00:42:36.338	155.828				2
2026.02.10	00:42:38.805	155.808				2
2026.02.10	00:42:39.422	155.828				2
2026.02.10	00:42:40.037	155.808				2
2026.02.10	00:42:41.581	155.828				2
2026.02.10	00:42:43.432	155.808				2
2026.02.10	00:42:44.049	155.828				2
2026.02.10	00:42:44.982		155.873			4
2026.02.10	00:42:46.232		155.871			4
2026.02.10	00:42:46.537		155.874			4
2026.02.10	00:42:48.711		155.873			4
2026.02.10	00:42:51.214		155.871			4
2026.02.10	00:42:51.531		155.872			4
2026.02.10	00:42:54.966		155.871			4
2026.02.10	00:42:57.132		155.870			4
2026.02.10	00:42:59.605		155.873			4
2026.02.10	00:43:00.223	155.828				2
2026.02.10	00:43:00.532		155.876			4
2026.02.10	00:43:00.842		155.874			4
2026.02.10	00:43:01.773		155.875			4
2026.02.10	00:43:02.698	155.816	155.835			6
2026.02.10	00:43:12.322	155.801				2
2026.02.10	00:43:13.859	155.806				2
2026.02.10	00:43:39.488	155.816				2
2026.02.10	00:43:54.686	155.806				2
2026.02.10	00:43:55.619	155.816				2
2026.02.10	00:44:00.298	155.816				2
2026.02.10	00:44:00.917		155.834			4
2026.02.10	00:44:03.722	155.829	155.867			6
2026.02.10	00:44:04.027		155.870			4
2026.02.10	00:44:04.348		155.869			4
2026.02.10	00:44:08.992	155.837	155.866			6
2026.02.10	00:44:09.308		155.868			4
2026.02.10	00:44:09.623		155.869			4
2026.02.10	00:44:10.248	155.808				2
2026.02.10	00:44:27.657	155.810				2
2026.02.10	00:44:32.288	155.837				2
2026.02.10	00:44:35.379		155.864			4
2026.02.10	00:44:47.132	155.817	155.878			6
2026.02.10	00:44:47.442	155.801	155.946			6
2026.02.10	00:44:47.760		155.950			4
2026.02.10	00:44:48.070		155.947			4
2026.02.10	00:44:48.378		155.946			4
2026.02.10	00:44:48.695		155.945			4
2026.02.10	00:44:49.002		155.951			4
2026.02.10	00:44:49.308		155.972			4
2026.02.10	00:44:49.626		155.960			4
2026.02.10	00:44:49.937	155.804	155.958			6
2026.02.10	00:44:50.243		155.956			4
2026.02.10	00:44:50.558		155.957			4
2026.02.10	00:44:51.174		155.955			4
2026.02.10	00:44:51.486	155.811				2
2026.02.10	00:44:52.103	155.812	155.953			6
2026.02.10	00:44:52.413	155.811	155.960			6
2026.02.10	00:44:53.342	155.806	155.961			6
2026.02.10	00:44:54.270	155.801	155.963			6
2026.02.10	00:44:54.578	155.805	155.962			6
2026.02.10	00:44:55.508		155.960			4
2026.02.10	00:44:55.823		155.962			4
2026.02.10	00:44:56.139		155.963			4
2026.02.10	00:44:56.447	155.801				2
2026.02.10	00:44:58.315		155.962			4
2026.02.10	00:44:58.934		155.963			4
2026.02.10	00:44:59.248	155.810	155.959			6
2026.02.10	00:45:00.177	155.810				2
2026.02.10	00:45:02.032	155.816				2
2026.02.10	00:45:02.651		155.958			4
2026.02.10	00:45:02.962	155.801				2
2026.02.10	00:45:03.274	155.803	155.957			6
2026.02.10	00:45:04.211	155.807	155.960			6
2026.02.10	00:45:04.521	155.806	155.958			6
2026.02.10	00:45:05.777		155.959			4
2026.02.10	00:45:06.706	155.811				2
2026.02.10	00:45:07.321	155.812	155.957			6
2026.02.10	00:45:07.630	155.828	155.954			6
2026.02.10	00:45:08.876		155.955			4
2026.02.10	00:45:09.183	155.830	155.953			6
2026.02.10	00:45:09.805		155.955			4
2026.02.10	00:45:16.454		155.956			4
2026.02.10	00:45:16.766		155.954			4
2026.02.10	00:45:18.309	155.831				2
2026.02.10	00:45:19.238	155.832	155.955			6
2026.02.10	00:45:19.864		155.954			4
2026.02.10	00:45:20.174	155.831				2
2026.02.10	00:45:20.798	155.830	155.953			6
2026.02.10	00:45:25.145	155.831				2
2026.02.10	00:45:25.455	155.847				2
2026.02.10	00:45:27.932		155.952			4
2026.02.10	00:45:29.164	155.846				2
2026.02.10	00:45:32.248	155.847				2
2026.02.10	00:45:35.342	155.846	155.954			6
2026.02.10	00:45:37.499	155.845				2
2026.02.10	00:45:46.171		155.955			4
2026.02.10	00:45:47.404		155.954			4
2026.02.10	00:45:47.714	155.844				2
2026.02.10	00:45:49.873	155.845				2
2026.02.10	00:45:50.180		155.953			4
2026.02.10	00:45:52.349		155.952			4
2026.02.10	00:45:53.283	155.844				2
2026.02.10	00:45:57.305		155.954			4
2026.02.10	00:45:58.229	155.842	155.955			6
2026.02.10	00:45:58.538	155.840	155.953			6
2026.02.10	00:45:58.848	155.837	155.950			6
2026.02.10	00:46:00.087	155.837				2
2026.02.10	00:46:00.392	155.836	155.951			6
2026.02.10	00:46:01.322	155.838	155.950			6
2026.02.10	00:46:01.628		155.948			4
2026.02.10	00:46:02.248	155.839	155.950			6
2026.02.10	00:46:02.869		155.949			4
2026.02.10	00:46:03.183		155.947			4
2026.02.10	00:46:03.808	155.881	155.946			6
2026.02.10	00:46:04.111		155.945			4
2026.02.10	00:46:04.412		155.947			4
2026.02.10	00:46:05.337		155.948			4
2026.02.10	00:46:06.256		155.951			4
2026.02.10	00:46:06.578		155.952			4
2026.02.10	00:46:07.195		155.953			4
2026.02.10	00:46:08.116		155.950			4
2026.02.10	00:46:08.418		155.952			4
2026.02.10	00:46:08.729		155.951			4
2026.02.10	00:46:09.043		155.952			4
2026.02.10	00:46:09.343		155.948			4
2026.02.10	00:46:09.646		155.947			4
2026.02.10	00:46:10.257	155.886				2
2026.02.10	00:46:14.863		155.944			4
2026.02.10	00:46:16.399		155.945			4
2026.02.10	00:46:16.705		155.947			4
2026.02.10	00:46:18.237	155.890				2
2026.02.10	00:46:19.464		155.948			4
2026.02.10	00:46:20.385		155.950			4
2026.02.10	00:46:22.872		155.948			4
2026.02.10	00:46:23.181	155.893				2
2026.02.10	00:46:24.731		155.949			4
2026.02.10	00:46:25.345		155.944			4
2026.02.10	00:46:25.660		155.945			4
2026.02.10	00:46:28.116		155.947			4
2026.02.10	00:46:28.419	155.889	155.946			6
2026.02.10	00:46:29.337	155.890				2
2026.02.10	00:46:30.252		155.948			4
2026.02.10	00:46:32.722		155.947			4
2026.02.10	00:46:34.268		155.942			4
2026.02.10	00:46:37.959	155.869	155.938			6
2026.02.10	00:46:38.266	155.858	155.931			6
2026.02.10	00:46:38.582		155.928			4
2026.02.10	00:46:39.199	155.852				2
2026.02.10	00:46:39.510	155.848	155.930			6
2026.02.10	00:46:40.433		155.929			4
2026.02.10	00:46:40.744		155.930			4
2026.02.10	00:46:44.761	155.846	155.931			6
2026.02.10	00:46:45.073	155.850	155.930			6
2026.02.10	00:46:47.233	155.871	155.938			6
2026.02.10	00:46:47.539		155.936			4
2026.02.10	00:46:47.846		155.937			4
2026.02.10	00:46:48.148		155.939			4
2026.02.10	00:46:48.774		155.937			4
2026.02.10	00:46:49.692		155.936			4
2026.02.10	00:46:49.994		155.937			4
2026.02.10	00:46:51.210		155.939			4
2026.02.10	00:46:52.135		155.940			4
2026.02.10	00:46:52.747		155.938			4
2026.02.10	00:46:53.369	155.876	155.940			6
2026.02.10	00:46:55.824		155.939			4
2026.02.10	00:46:56.130	155.880	155.934			6
2026.02.10	00:46:56.435	155.877	155.936			6
2026.02.10	00:46:56.740	155.895	155.942			6
2026.02.10	00:46:57.044		155.944			4
2026.02.10	00:46:58.886		155.947			4
2026.02.10	00:47:00.111	155.898	155.948			6
2026.02.10	00:47:00.731		155.947			4
2026.02.10	00:47:01.036	155.902	155.946			6
2026.02.10	00:47:02.881	155.880				2
2026.02.10	00:47:03.801	155.881	155.947			6
2026.02.10	00:47:04.718	155.879	155.945			6
2026.02.10	00:47:05.645	155.878	155.944			6
2026.02.10	00:47:05.948	155.879	155.945			6
2026.02.10	00:47:06.556	155.893				2
2026.02.10	00:47:06.867	155.894				2
2026.02.10	00:47:09.321		155.944			4
2026.02.10	00:47:09.622		155.945			4
2026.02.10	00:47:09.925		155.946			4
2026.02.10	00:47:19.727	155.902	155.949			6
2026.02.10	00:47:20.031		155.950			4
2026.02.10	00:47:20.647	155.904				2
2026.02.10	00:47:20.953		155.951			4
2026.02.10	00:47:21.869	155.902	155.949			6
2026.02.10	00:47:22.783	155.900				2
2026.02.10	00:47:23.090	155.904	155.950			6
2026.02.10	00:47:35.680	155.908	155.952			6
2026.02.10	00:47:35.985		155.951			4
2026.02.10	00:47:36.293	155.904	155.950			6
2026.02.10	00:47:36.601	155.907	155.949			6
2026.02.10	00:47:37.531		155.951			4
2026.02.10	00:47:41.251		155.952			4
2026.02.10	00:47:43.438	155.906				2
2026.02.10	00:47:43.748	155.909				2
2026.02.10	00:47:46.531		155.951			4
2026.02.10	00:47:51.161	155.904	155.952			6
2026.02.10	00:47:53.333		155.953			4
2026.02.10	00:47:56.121	155.907				2
2026.02.10	00:47:56.431	155.902				2
2026.02.10	00:47:56.739	155.893	155.950			6
2026.02.10	00:48:00.130	155.893				2
2026.02.10	00:48:01.978		155.951			4
2026.02.10	00:48:07.232		155.952			4
2026.02.10	00:48:11.851		155.950			4
2026.02.10	00:48:12.156		155.952			4
2026.02.10	00:48:14.308		155.953			4
2026.02.10	00:48:15.855		155.952			4
2026.02.10	00:48:21.726		155.953			4
2026.02.10	00:48:22.649		155.954			4
2026.02.10	00:48:23.267		155.953			4
2026.02.10	00:48:26.345		155.955			4
2026.02.10	00:48:27.270		155.954			4
2026.02.10	00:48:28.188		155.955			4
2026.02.10	00:48:28.497		155.954			4
2026.02.10	00:48:34.986		155.953			4
2026.02.10	00:48:38.390		155.955			4
2026.02.10	00:48:41.172		155.953			4
2026.02.10	00:48:42.414		155.954			4
2026.02.10	00:48:42.723		155.955			4
2026.02.10	00:48:43.344		155.954			4
2026.02.10	00:48:45.500		155.955			4
2026.02.10	00:48:52.011		155.954			4
2026.02.10	00:48:56.329		155.955			4
2026.02.10	00:48:56.637	155.902	155.954			6
2026.02.10	00:48:56.938	155.905	155.956			6
2026.02.10	00:48:57.880	155.909				2
2026.02.10	00:48:59.138	155.905	155.957			6
2026.02.10	00:49:00.056	155.905				2
2026.02.10	00:49:00.357		155.956			4
2026.02.10	00:49:02.223		155.957			4
2026.02.10	00:49:03.765		155.956			4
2026.02.10	00:49:17.054		155.957			4
2026.02.10	00:49:17.364	155.907				2
2026.02.10	00:49:17.668		155.962			4
2026.02.10	00:49:17.983	155.896	155.954			6
2026.02.10	00:49:18.296	155.882	155.948			6
2026.02.10	00:49:20.135	155.883	155.949			6
2026.02.10	00:49:20.443	155.886				2
2026.02.10	00:49:21.058		155.950			4
2026.02.10	00:49:21.371	155.884	155.949			6
2026.02.10	00:49:21.677	155.886	155.951			6
2026.02.10	00:49:21.978	155.883	155.946			6
2026.02.10	00:49:22.294		155.947			4
2026.02.10	00:49:22.601	155.870	155.954			6
2026.02.10	00:49:22.911	155.869	155.946			6
2026.02.10	00:49:23.217		155.945			4
2026.02.10	00:49:23.832	155.868	155.944			6
2026.02.10	00:49:24.138	155.864	155.949			6
2026.02.10	00:49:24.440		155.947			4
2026.02.10	00:49:26.912		155.948			4
2026.02.10	00:49:34.012	155.863				2
2026.02.10	00:49:34.323		155.949			4
2026.02.10	00:49:40.812		155.945			4
2026.02.10	00:49:43.898	155.862				2
2026.02.10	00:49:48.231		155.960			4
2026.02.10	00:49:49.169		155.958			4
2026.02.10	00:49:49.476		155.959			4
2026.02.10	00:49:52.570	155.861				2
2026.02.10	00:49:58.469		155.957			4
2026.02.10	00:49:58.776	155.860				2
2026.02.10	00:50:00.029	155.860				2
2026.02.10	00:50:01.273		155.960			4
2026.02.10	00:50:04.057		155.958			4
2026.02.10	00:50:06.841	155.859				2
2026.02.10	00:50:09.342		155.959			4
2026.02.10	00:50:10.267	155.860				2
2026.02.10	00:50:12.742	155.859				2
2026.02.10	00:50:17.379		155.956			4
2026.02.10	00:50:19.231	155.856	155.957			6
2026.02.10	00:50:21.086		155.958			4
2026.02.10	00:50:24.792	155.855				2
2026.02.10	00:50:25.411	155.854				2
2026.02.10	00:50:27.258	155.855				2
2026.02.10	00:50:29.112		155.959			4
2026.02.10	00:50:29.731	155.854				2
2026.02.10	00:50:31.578		155.958			4
2026.02.10	00:50:34.359		155.959			4
2026.02.10	00:50:38.993		155.957			4
2026.02.10	00:50:39.298	155.853	155.959			6
2026.02.10	00:50:44.238		155.958			4
2026.02.10	00:50:52.580	155.852				2
2026.02.10	00:50:53.512		155.957			4
2026.02.10	00:50:58.461		155.960			4
2026.02.10	00:51:00.003	155.852				2
2026.02.10	00:51:04.345		155.959			4
2026.02.10	00:51:12.074	155.851				2
2026.02.10	00:51:17.322		155.961			4
2026.02.10	00:51:18.247	155.845	155.966			6
2026.02.10	00:51:19.177	155.847	155.965			6
2026.02.10	00:51:19.481		155.966			4
2026.02.10	00:51:20.410	155.846	155.965			6
2026.02.10	00:51:21.335	155.845				2
2026.02.10	00:51:24.429		155.966			4
2026.02.10	00:51:25.978		155.965			4
2026.02.10	00:51:27.528		155.966			4
2026.02.10	00:51:30.623	155.839	155.967			6
2026.02.10	00:51:31.242	155.841	155.968			6
2026.02.10	00:51:31.855	155.839				2
2026.02.10	00:51:32.476		155.967			4
2026.02.10	00:51:32.782	155.838				2
2026.02.10	00:51:36.185		155.968			4
2026.02.10	00:51:41.426		155.969			4
2026.02.10	00:51:43.585	155.821	155.960			6
2026.02.10	00:51:43.898		155.959			4
2026.02.10	00:51:44.205	155.822				2
2026.02.10	00:51:44.513		155.960			4
2026.02.10	00:51:44.821		155.959			4
2026.02.10	00:51:45.130	155.826				2
2026.02.10	00:51:45.444	155.822				2
2026.02.10	00:51:45.749		155.957			4
2026.02.10	00:51:46.368	155.829	155.948			6
2026.02.10	00:51:47.303	155.831	155.947			6
2026.02.10	00:51:48.223	155.828	155.945			6
2026.02.10	00:51:48.840		155.946			4
2026.02.10	00:51:50.083	155.829				2
2026.02.10	00:51:50.393		155.945			4
2026.02.10	00:51:51.312	155.813	155.904			6
2026.02.10	00:51:51.618	155.826	155.965			6
2026.02.10	00:51:51.937	155.827	155.964			6
2026.02.10	00:51:53.314	155.829				2
2026.02.10	00:51:55.316	155.840	155.963			6
2026.02.10	00:51:56.345	155.834				2
2026.02.10	00:51:59.445	155.829	155.964			6
2026.02.10	00:52:00.340	155.827				2
2026.02.10	00:52:02.344	155.828				2
2026.02.10	00:52:06.391	155.827				2
2026.02.10	00:52:13.537		155.965			4
2026.02.10	00:52:14.046	155.829				2
2026.02.10	00:52:14.757	155.830				2
2026.02.10	00:52:15.763	155.828	155.966			6
2026.02.10	00:52:27.448	155.829				2
2026.02.10	00:52:29.703	155.828				2
2026.02.10	00:52:44.449		155.964			4
2026.02.10	00:52:44.766		155.966			4
2026.02.10	00:52:45.497		155.963			4
2026.02.10	00:52:53.490	155.830				2
2026.02.10	00:52:59.700	155.826				2
2026.02.10	00:53:00.344	155.825				2
2026.02.10	00:53:06.345	155.826				2
2026.02.10	00:53:11.347	155.827				2
2026.02.10	00:53:14.706	155.826				2
2026.02.10	00:53:15.348	155.825				2
2026.02.10	00:53:16.346	155.824				2
2026.02.10	00:53:29.708	155.823				2
2026.02.10	00:53:45.456		155.962			4
2026.02.10	00:53:47.744	155.822				2
2026.02.10	00:53:49.602	155.823				2
2026.02.10	00:53:50.663	155.822				2
2026.02.10	00:54:00.450	155.822				2
2026.02.10	00:54:02.145	155.821				2
2026.02.10	00:54:12.207	155.822				2
2026.02.10	00:54:14.448	155.820				2
2026.02.10	00:54:29.444	155.819				2
2026.02.10	00:54:32.443	155.820				2
2026.02.10	00:54:37.445	155.819				2
2026.02.10	00:54:44.705	155.818				2
2026.02.10	00:54:45.456		155.962			4
2026.02.10	00:54:49.707	155.819				2
2026.02.10	00:54:56.454	155.818				2
2026.02.10	00:55:00.451	155.818				2
2026.02.10	00:55:27.468	155.817				2
2026.02.10	00:55:29.951	155.818				2
2026.02.10	00:55:32.743	155.817				2
2026.02.10	00:55:37.845	155.818				2
2026.02.10	00:55:43.246	155.817				2
2026.02.10	00:55:46.265		155.967			4
2026.02.10	00:55:53.443	155.818				2
2026.02.10	00:55:58.846	155.817				2
2026.02.10	00:56:00.453	155.817				2
2026.02.10	00:56:01.244	155.818				2
2026.02.10	00:56:04.844	155.816				2
2026.02.10	00:56:35.390	155.812	155.961			6
2026.02.10	00:56:37.410	155.813				2
2026.02.10	00:56:39.314	155.814				2
2026.02.10	00:56:42.326	155.812	155.908			6
2026.02.10	00:56:45.174	155.835	155.910			6
2026.02.10	00:57:00.420	155.835				2
2026.02.10	00:57:15.577	155.812				2
2026.02.10	00:57:30.756	155.804	155.912			6
2026.02.10	00:57:31.507	155.809	155.910			6
2026.02.10	00:57:51.008	155.835				2
2026.02.10	00:58:03.071	155.835				2
2026.02.10	00:58:14.143		155.909			4
2026.02.10	00:58:21.722	155.812				2
2026.02.10	00:58:24.644		155.908			4
2026.02.10	00:58:36.395	155.813				2
2026.02.10	00:58:42.160	155.835				2
2026.02.10	00:58:44.144		155.907			4
2026.02.10	00:59:00.864	155.835				2
2026.02.10	00:59:08.444		155.906			4
2026.02.10	00:59:12.638	155.815				2
2026.02.10	00:59:20.076	155.813	155.907			6
2026.02.10	00:59:22.245	155.814				2
2026.02.10	00:59:27.646		155.906			4
2026.02.10	00:59:37.029	155.835				2
2026.02.10	00:59:44.461	155.827	155.908			6
2026.02.10	00:59:46.573		155.906			4
2026.02.10	00:59:48.220		155.905			4
2026.02.10	00:59:48.577		155.906			4
2026.02.10	00:59:49.003		155.905			4
2026.02.10	00:59:51.223		155.904			4
2026.02.10	00:59:59.370		155.905			4
2026.02.10	01:00:00.304	155.834	155.894			6
2026.02.10	01:00:00.607	155.835	155.904			6
2026.02.10	01:00:01.272	155.838				2
2026.02.10	01:00:01.662	155.842	155.893			6
2026.02.10	01:00:01.994		155.895			4
2026.02.10	01:00:02.382		155.904			4
2026.02.10	01:00:03.648	155.806	155.898			6
2026.02.10	01:00:03.949	155.808	155.917			6
2026.02.10	01:00:04.572	155.809				2
2026.02.10	01:00:04.886	155.808				2
2026.02.10	01:00:06.770	155.806	155.915			6
2026.02.10	01:00:07.086	155.839	155.893			6
2026.02.10	01:00:07.413	155.840	155.899			6
2026.02.10	01:00:07.757	155.832	155.892			6
2026.02.10	01:00:09.412		155.888			4
2026.02.10	01:00:10.665		155.889			4
2026.02.10	01:00:11.053	155.865	155.911			6
2026.02.10	01:00:11.717		155.910			4
2026.02.10	01:00:12.053	155.875				2
2026.02.10	01:00:12.999	155.836	155.914			6
2026.02.10	01:00:13.319	155.835	155.916			6
2026.02.10	01:00:15.371	155.833	155.905			6
2026.02.10	01:00:16.017		155.904			4
2026.02.10	01:00:17.515	155.827	155.903			6
2026.02.10	01:00:18.000	155.823	155.915			6
2026.02.10	01:00:18.386		155.917			4
2026.02.10	01:00:22.845	155.821	155.925			6
2026.02.10	01:00:23.618	155.822				2
2026.02.10	01:00:24.483	155.848	155.892			6
2026.02.10	01:00:24.787	155.851	155.896			6
2026.02.10	01:00:25.351	155.863				2
2026.02.10	01:00:25.865	155.865				2
2026.02.10	01:00:26.773	155.856				2
2026.02.10	01:00:27.762	155.850	155.891			6
2026.02.10	01:00:29.832	155.874	155.913			6
2026.02.10	01:00:30.142		155.914			4
2026.02.10	01:00:30.865		155.913			4
2026.02.10	01:00:34.389	155.879	155.902			6
2026.02.10	01:00:35.145	155.880	155.901			6
2026.02.10	01:00:40.023	155.874	155.913			6
2026.02.10	01:00:40.863	155.875				2
2026.02.10	01:00:41.444	155.873	155.910			6
2026.02.10	01:00:43.140	155.894	155.911			6
2026.02.10	01:00:43.448	155.898	155.931			6
2026.02.10	01:00:44.055		155.929			4
2026.02.10	01:00:44.361		155.931			4
2026.02.10	01:00:49.580		155.933			4
2026.02.10	01:00:50.145		155.932			4
2026.02.10	01:00:50.754	155.899				2
2026.02.10	01:00:51.370	155.895	155.923			6
2026.02.10	01:00:51.679	155.886	155.920			6
2026.02.10	01:00:52.308	155.888	155.919			6
2026.02.10	01:00:57.759	155.898				2
2026.02.10	01:00:58.245		155.916			4
2026.02.10	01:01:00.043	155.898	155.910			6
2026.02.10	01:01:00.379	155.899	155.900			6
2026.02.10	01:01:03.752	155.895	155.896			6
2026.02.10	01:01:04.062	155.902	155.903			6
2026.02.10	01:01:06.807	155.903	155.904			6
2026.02.10	01:01:12.004	155.906	155.907			6
2026.02.10	01:01:12.315	155.908	155.909			6
2026.02.10	01:01:14.475	155.907	155.908			6
2026.02.10	01:01:15.099	155.917	155.918			6
2026.02.10	01:01:15.404	155.918	155.919			6
2026.02.10	01:01:16.320	155.919	155.920			6
2026.02.10	01:01:16.623	155.920	155.921			6
2026.02.10	01:01:16.930	155.919	155.920			6
2026.02.10	01:01:17.238	155.921	155.922			6
2026.02.10	01:01:17.539	155.922	155.923			6
2026.02.10	01:01:18.156	155.921	155.922			6
2026.02.10	01:01:20.329	155.922	155.923			6
2026.02.10	01:01:21.551	155.919	155.920			6
2026.02.10	01:01:21.856	155.918	155.919			6
2026.02.10	01:01:22.157	155.917	155.918			6
2026.02.10	01:01:22.774	155.919	155.920			6
2026.02.10	01:01:27.086	155.918	155.919			6
2026.02.10	01:01:28.002	155.917	155.918			6
2026.02.10	01:01:29.236	155.918	155.919			6
2026.02.10	01:01:32.310	155.919	155.920			6
2026.02.10	01:01:53.206	155.920	155.921			6
2026.02.10	01:01:53.509	155.919	155.920			6
2026.02.10	01:01:55.039	155.920	155.921			6
2026.02.10	01:01:55.654	155.919	155.920			6
2026.02.10	01:02:00.254	155.919				2
2026.02.10	01:02:00.557	155.920	155.921			6
2026.02.10	01:02:14.391	155.929	155.930			6
2026.02.10	01:02:14.695	155.931	155.932			6
2026.02.10	01:02:15.618	155.932	155.933			6
2026.02.10	01:02:15.925	155.931	155.932			6
2026.02.10	01:02:21.437	155.947	155.948			6
2026.02.10	01:02:21.738	155.943	155.944			6
2026.02.10	01:02:22.046	155.944	155.945			6
2026.02.10	01:02:22.658	155.946	155.947			6
2026.02.10	01:02:30.044	155.934	155.935			6
2026.02.10	01:02:38.026	155.931	155.932			6
2026.02.10	01:02:38.951	155.924	155.925			6
2026.02.10	01:02:42.020	155.921	155.922			6
2026.02.10	01:02:45.084	155.920	155.921			6
2026.02.10	01:02:46.001	155.919	155.920			6
2026.02.10	01:02:46.910	155.916	155.917			6
2026.02.10	01:02:47.213	155.909	155.910			6
2026.02.10	01:02:48.441	155.899	155.900			6
2026.02.10	01:02:50.271	155.902	155.903			6
2026.02.10	01:02:53.943	155.901	155.902			6
2026.02.10	01:02:55.176	155.902	155.903			6
2026.02.10	01:02:57.030	155.899	155.900			6
2026.02.10	01:02:57.336	155.897	155.898			6
2026.02.10	01:03:00.096	155.900	155.901			6
2026.02.10	01:03:01.328	155.901	155.902			6
2026.02.10	01:03:13.324	155.910	155.911			6
2026.02.10	01:03:13.936	155.909	155.910			6
2026.02.10	01:03:14.242	155.914	155.915			6
2026.02.10	01:03:14.552	155.910	155.911			6
2026.02.10	01:03:15.160	155.915	155.916			6
2026.02.10	01:03:15.472	155.916	155.917			6
2026.02.10	01:03:16.719	155.915	155.916			6
2026.02.10	01:03:18.243	155.916	155.917			6
2026.02.10	01:03:18.869	155.915	155.916			6
2026.02.10	01:03:20.095	155.916	155.917			6
2026.02.10	01:03:21.328	155.914	155.915			6
2026.02.10	01:03:21.636	155.908	155.909			6
2026.02.10	01:03:21.941	155.910	155.911			6
2026.02.10	01:03:22.244	155.915	155.916			6
2026.02.10	01:03:26.835	155.914	155.915			6
2026.02.10	01:03:27.153	155.913	155.914			6
2026.02.10	01:03:27.772	155.915	155.916			6
2026.02.10	01:03:28.999	155.913	155.914			6
2026.02.10	01:03:29.614	155.915	155.916			6
2026.02.10	01:03:31.476	155.911	155.912			6
2026.02.10	01:03:32.087	155.912	155.913			6
2026.02.10	01:03:35.475	155.909	155.910			6
2026.02.10	01:03:36.389	155.911	155.912			6
2026.02.10	01:03:40.403	155.912	155.913			6
2026.02.10	01:03:43.172	155.911	155.912			6
2026.02.10	01:03:49.331	155.912	155.913			6
2026.02.10	01:03:53.942	155.918	155.919			6
2026.02.10	01:03:54.253	155.919	155.920			6
2026.02.10	01:03:55.487	155.920	155.921			6
2026.02.10	01:03:55.796	155.919	155.920			6
2026.02.10	01:04:00.098	155.919				2
2026.02.10	01:04:00.710	155.918	155.919			6
2026.02.10	01:04:01.638	155.917	155.918			6
2026.02.10	01:04:04.724	155.916	155.917			6
2026.02.10	01:04:06.873	155.917	155.918			6
2026.02.10	01:04:12.086	155.918	155.919			6
2026.02.10	01:04:16.104	155.917	155.918			6
2026.02.10	01:04:17.655	155.918	155.919			6
2026.02.10	01:04:22.569	155.920	155.921			6
2026.02.10	01:04:24.410	155.928	155.929			6
2026.02.10	01:04:24.723	155.927	155.928			6
2026.02.10	01:04:28.116	155.928	155.929			6
2026.02.10	01:04:28.730	155.924	155.925			6
2026.02.10	01:04:29.645	155.926	155.927			6
2026.02.10	01:04:35.464	155.925	155.926			6
2026.02.10	01:04:36.083	155.926	155.927			6
2026.02.10	01:04:53.553	155.938	155.939			6
2026.02.10	01:04:54.170	155.937	155.938			6
2026.02.10	01:04:55.406	155.950	155.951			6
2026.02.10	01:04:55.717	155.949	155.950			6
2026.02.10	01:04:56.659	155.950	155.951			6
2026.02.10	01:05:00.014	155.949	155.950			6
2026.02.10	01:05:00.627	155.950	155.951			6
2026.02.10	01:05:03.695	155.951	155.952			6
2026.02.10	01:05:04.620	155.950	155.951			6
2026.02.10	01:05:04.925	155.951	155.952			6
2026.02.10	01:05:05.233	155.954	155.955			6
2026.02.10	01:05:06.161	155.955	155.956			6
2026.02.10	01:05:07.093	155.954	155.955			6
2026.02.10	01:05:09.252	155.953	155.954			6
2026.02.10	01:05:09.560	155.954	155.955			6
2026.02.10	01:05:10.798	155.949	155.950			6
2026.02.10	01:05:11.110	155.947	155.948			6
2026.02.10	01:05:12.038	155.952	155.953			6
2026.02.10	01:05:12.958	155.953	155.954			6
2026.02.10	01:05:13.263	155.952	155.953			6
2026.02.10	01:05:13.884	155.953	155.954			6
2026.02.10	01:05:16.034	155.954	155.955			6
2026.02.10	01:05:18.184	155.953	155.954			6
2026.02.10	01:05:24.620	155.954	155.955			6
2026.02.10	01:05:25.537	155.955	155.956			6
2026.02.10	01:05:27.684	155.956	155.957			6
2026.02.10	01:05:29.825	155.957	155.958			6
2026.02.10	01:05:30.133	155.956	155.957			6
2026.02.10	01:05:31.045	155.957	155.958			6
2026.02.10	01:05:33.495	155.958	155.959			6
2026.02.10	01:05:33.804	155.959	155.960			6
2026.02.10	01:05:34.411	155.961	155.962			6
2026.02.10	01:05:34.721	155.960	155.961			6
2026.02.10	01:05:35.029	155.961	155.962			6
2026.02.10	01:05:35.945	155.962	155.963			6
2026.02.10	01:05:37.783	155.961	155.962			6
2026.02.10	01:05:39.628	155.962	155.963			6
2026.02.10	01:05:41.167	155.968	155.969			6
2026.02.10	01:05:41.472	155.972	155.973			6
2026.02.10	01:05:41.777	155.973	155.974			6
2026.02.10	01:05:42.705	155.978	155.979			6
2026.02.10	01:05:43.923	155.979	155.980			6
2026.02.10	01:05:46.674	155.977	155.978			6
2026.02.10	01:05:46.982	155.978	155.979			6
2026.02.10	01:05:47.910	155.979	155.980			6
2026.02.10	01:05:48.218	155.980	155.981			6
2026.02.10	01:05:49.136	155.979	155.980			6
2026.02.10	01:06:00.197	155.979				2
2026.02.10	01:06:01.120	155.981	155.982			6
2026.02.10	01:06:01.429	155.979	155.980			6
2026.02.10	01:06:05.108	155.971	155.972			6
2026.02.10	01:06:05.415	155.970	155.971			6
2026.02.10	01:06:10.625	155.969	155.970			6
2026.02.10	01:06:12.159	155.970	155.971			6
2026.02.10	01:06:14.926	155.969	155.970			6
2026.02.10	01:06:22.320	155.968	155.969			6
2026.02.10	01:06:23.560	155.969	155.970			6
2026.02.10	01:06:32.289	155.971	155.972			6
2026.02.10	01:06:38.193	155.970	155.971			6
2026.02.10	01:06:39.133	155.971	155.972			6
2026.02.10	01:06:40.374	155.970	155.971			6
2026.02.10	01:06:46.269	155.971	155.972			6
2026.02.10	01:06:54.636	155.972	155.973			6
2026.02.10	01:06:58.369	155.971	155.972			6
2026.02.10	01:07:00.234	155.971				2
2026.02.10	01:07:01.489	155.956	155.957			6
2026.02.10	01:07:04.270	155.949	155.950			6
2026.02.10	01:07:04.892	155.948	155.949			6
2026.02.10	01:07:07.380	155.949	155.950			6
2026.02.10	01:07:09.248	155.946	155.947			6
2026.02.10	01:07:15.478	155.945	155.946			6
2026.02.10	01:07:15.779	155.944	155.945			6
2026.02.10	01:07:20.115	155.949	155.950			6
2026.02.10	01:07:20.423	155.950	155.951			6
2026.02.10	01:07:23.523	155.947	155.948			6
2026.02.10	01:07:28.161	155.948	155.949			6
2026.02.10	01:07:28.468	155.949	155.950			6
2026.02.10	01:07:29.698	155.950	155.951			6
2026.02.10	01:07:30.004	155.949	155.950			6
2026.02.10	01:07:30.930	155.936	155.937			6
2026.02.10	01:07:31.245	155.937	155.938			6
2026.02.10	01:07:31.856	155.934	155.935			6
2026.02.10	01:07:43.559	155.936	155.937			6
2026.02.10	01:07:45.739	155.937	155.938			6
2026.02.10	01:08:00.271	155.937				2
2026.02.10	01:08:00.577	155.941	155.942			6
2026.02.10	01:08:00.897	155.942	155.943			6
2026.02.10	01:08:02.123	155.943	155.944			6
2026.02.10	01:08:11.078	155.934	155.935			6
2026.02.10	01:08:13.557	155.933	155.934			6
2026.02.10	01:08:18.195	155.943	155.944			6
2026.02.10	01:08:33.419	155.944	155.945			6
2026.02.10	01:08:36.497	155.946	155.947			6
2026.02.10	01:08:36.799	155.960	155.961			6
2026.02.10	01:08:40.223	155.959	155.960			6
2026.02.10	01:08:42.070	155.960	155.961			6
2026.02.10	01:08:43.904	155.956	155.957			6
2026.02.10	01:08:44.821	155.955	155.956			6
2026.02.10	01:08:46.985	155.956	155.957			6
2026.02.10	01:08:47.907	155.955	155.956			6
2026.02.10	01:08:55.612	155.956	155.957			6
2026.02.10	01:08:56.222	155.954	155.955			6
2026.02.10	01:08:56.841	155.953	155.954			6
2026.02.10	01:08:59.018	155.947	155.948			6
2026.02.10	01:09:00.257	155.947				2
2026.02.10	01:09:00.571	155.950	155.951			6
2026.02.10	01:09:00.874	155.949	155.950			6
2026.02.10	01:09:01.796	155.948	155.949			6
2026.02.10	01:09:10.179	155.949	155.950			6
2026.02.10	01:09:15.421	155.952	155.953			6
2026.02.10	01:09:17.270	155.953	155.954			6
2026.02.10	01:09:20.659	155.954	155.955			6
2026.02.10	01:09:33.326	155.953	155.954			6
2026.02.10	01:09:36.436	155.952	155.953			6
2026.02.10	01:09:37.660	155.949	155.950			6
2026.02.10	01:09:40.158	155.951	155.952			6
2026.02.10	01:09:40.478	155.952	155.953			6
2026.02.10	01:09:41.097	155.953	155.954			6
2026.02.10	01:09:47.288	155.948	155.949			6
2026.02.10	01:09:47.907	155.951	155.952			6
2026.02.10	01:09:48.217	155.952	155.953			6
2026.02.10	01:09:49.150	155.948	155.949			6
2026.02.10	01:09:50.701	155.954	155.955			6
2026.02.10	01:09:51.003	155.956	155.957			6
2026.02.10	01:09:51.322	155.957	155.958			6
2026.02.10	01:09:51.944	155.955	155.956			6
2026.02.10	01:09:58.733	155.956	155.957			6
2026.02.10	01:10:00.266	155.959	155.960			6
2026.02.10	01:10:00.584	155.960	155.961			6
2026.02.10	01:10:09.560	155.961	155.962			6
2026.02.10	01:10:11.102	155.960	155.961			6
2026.02.10	01:10:16.090	155.959	155.960			6
2026.02.10	01:10:21.075	155.954	155.955			6
2026.02.10	01:10:21.703	155.953	155.954			6
2026.02.10	01:10:22.964	155.954	155.955			6
2026.02.10	01:10:23.269	155.953	155.954			6
2026.02.10	01:10:26.419	155.954	155.955			6
2026.02.10	01:10:27.658	155.955	155.956			6
2026.02.10	01:10:28.268	155.949	155.950			6
2026.02.10	01:10:32.941	155.950	155.951			6
2026.02.10	01:10:33.573	155.948	155.949			6
2026.02.10	01:10:50.852	155.954	155.955			6
2026.02.10	01:10:51.157	155.953	155.954			6
2026.02.10	01:10:51.786	155.951	155.952			6
2026.02.10	01:10:52.094	155.949	155.950			6
2026.02.10	01:10:56.759	155.948	155.949			6
2026.02.10	01:10:58.002	155.947	155.948			6
2026.02.10	01:11:00.167	155.947				2
2026.02.10	01:11:02.676	155.948	155.949			6
2026.02.10	01:11:08.204	155.947	155.948			6
2026.02.10	01:11:10.685	155.948	155.949			6
2026.02.10	01:11:10.992	155.947	155.948			6
2026.02.10	01:11:13.495	155.948	155.949			6
2026.02.10	01:11:15.958	155.943	155.944			6
2026.02.10	01:11:16.263	155.942	155.943			6
2026.02.10	01:11:19.366	155.941	155.942			6
2026.02.10	01:11:19.674	155.937	155.938			6
2026.02.10	01:11:21.541	155.935	155.936			6
2026.02.10	01:11:21.845	155.933	155.934			6
2026.02.10	01:11:22.761	155.932	155.933			6
2026.02.10	01:11:23.080	155.931	155.932			6
2026.02.10	01:11:24.304	155.930	155.931			6
2026.02.10	01:11:24.930	155.929	155.930			6
2026.02.10	01:11:27.074	155.930	155.931			6
2026.02.10	01:11:35.737	155.929	155.930			6
2026.02.10	01:11:40.365	155.928	155.929			6
2026.02.10	01:11:47.140	155.927	155.928			6
2026.02.10	01:11:51.477	155.928	155.929			6
2026.02.10	01:11:51.785	155.929	155.930			6
2026.02.10	01:11:53.033	155.933	155.934			6
2026.02.10	01:11:53.646	155.934	155.935			6
2026.02.10	01:11:57.989	155.935	155.936			6
2026.02.10	01:12:00.175	155.935				2
2026.02.10	01:12:11.978	155.940	155.941			6
2026.02.10	01:12:12.897	155.941	155.942			6
2026.02.10	01:12:14.424	155.942	155.943			6
2026.02.10	01:12:20.572	155.943	155.944			6
2026.02.10	01:12:20.875	155.944	155.945			6
2026.02.10	01:12:22.425	155.945	155.946			6
2026.02.10	01:12:27.401	155.944	155.945			6
2026.02.10	01:12:29.852	155.943	155.944			6
2026.02.10	01:12:30.489	155.944	155.945			6
2026.02.10	01:12:31.733	155.940	155.941			6
2026.02.10	01:12:32.358	155.936	155.937			6
2026.02.10	01:12:32.659	155.935	155.936			6
2026.02.10	01:12:40.074	155.934	155.935			6
2026.02.10	01:12:41.006	155.935	155.936			6
2026.02.10	01:12:45.953	155.934	155.935			6
2026.02.10	01:13:00.258	155.934				2
2026.02.10	01:13:00.566	155.933	155.934			6
2026.02.10	01:13:00.872	155.931	155.932			6
2026.02.10	01:13:01.182	155.932	155.933			6
2026.02.10	01:13:01.490	155.931	155.932			6
2026.02.10	01:13:02.113	155.930	155.931			6
2026.02.10	01:13:04.589	155.929	155.930			6
2026.02.10	01:13:12.359	155.930	155.931			6
2026.02.10	01:13:20.721	155.929	155.930			6
2026.02.10	01:13:25.681	155.930	155.931			6
2026.02.10	01:13:26.607	155.931	155.932			6
2026.02.10	01:13:29.418	155.930	155.931			6
2026.02.10	01:13:30.674	155.931	155.932			6
2026.02.10	01:13:31.292	155.930	155.931			6
2026.02.10	01:13:31.599	155.931	155.932			6
2026.02.10	01:13:32.521	155.930	155.931			6
2026.02.10	01:13:32.824	155.931	155.932			6
2026.02.10	01:13:37.442	155.932	155.933			6
2026.02.10	01:13:39.917	155.935	155.936			6
2026.02.10	01:13:40.223	155.936	155.937			6
2026.02.10	01:13:42.980	155.937	155.938			6
2026.02.10	01:13:45.471	155.936	155.937			6
2026.02.10	01:13:46.398	155.937	155.938			6
2026.02.10	01:13:47.031	155.940	155.941			6
2026.02.10	01:13:47.338	155.943	155.944			6
2026.02.10	01:13:47.957	155.942	155.943			6
2026.02.10	01:13:48.272	155.946	155.947			6
2026.02.10	01:13:48.578	155.948	155.949			6
2026.02.10	01:13:49.202	155.949	155.950			6
2026.02.10	01:13:51.729	155.950	155.951			6
2026.02.10	01:13:56.715	155.949	155.950			6
2026.02.10	01:13:57.656	155.950	155.951			6
2026.02.10	01:14:00.183	155.950				2
2026.02.10	01:14:02.037	155.951	155.952			6
2026.02.10	01:14:03.578	155.950	155.951			6
2026.02.10	01:14:11.061	155.951	155.952			6
2026.02.10	01:14:11.368	155.949	155.950			6
2026.02.10	01:14:11.682	155.947	155.948			6
2026.02.10	01:14:21.913	155.946	155.947			6
2026.02.10	01:14:25.591	155.947	155.948			6
2026.02.10	01:14:31.512	155.948	155.949			6
2026.02.10	01:14:41.495	155.947	155.948			6
2026.02.10	01:14:42.110	155.948	155.949			6
2026.02.10	01:14:46.449	155.947	155.948			6
2026.02.10	01:15:00.064	155.947				2
2026.02.10	01:15:01.625	155.950	155.951			6
2026.02.10	01:15:08.720	155.951	155.952			6
2026.02.10	01:15:10.561	155.950	155.951			6
2026.02.10	01:15:10.870	155.951	155.952			6
2026.02.10	01:15:25.727	155.950	155.951			6
2026.02.10	01:15:26.035	155.951	155.952			6
2026.02.10	01:15:29.435	155.945	155.946			6
2026.02.10	01:15:36.211	155.944	155.945			6
2026.02.10	01:15:49.795	155.945	155.946			6
2026.02.10	01:15:58.428	155.944	155.945			6
2026.02.10	01:16:00.284	155.944				2
2026.02.10	01:16:09.228	155.943	155.944			6
2026.02.10	01:16:09.538	155.944	155.945			6
2026.02.10	01:16:26.630	155.942	155.943			6
2026.02.10	01:16:27.250	155.943	155.944			6
2026.02.10	01:16:27.552	155.942	155.943			6
2026.02.10	01:16:27.857	155.943	155.944			6
2026.02.10	01:16:28.474	155.942	155.943			6
2026.02.10	01:16:30.665	155.941	155.942			6
2026.02.10	01:16:33.749	155.942	155.943			6
2026.02.10	01:16:35.927	155.941	155.942			6
2026.02.10	01:16:58.302	155.940	155.941			6
2026.02.10	01:16:58.922	155.941	155.942			6
2026.02.10	01:17:00.166	155.941				2
2026.02.10	01:17:00.484	155.937	155.938			6
2026.02.10	01:17:00.787	155.935	155.936			6
2026.02.10	01:17:06.387	155.936	155.937			6
2026.02.10	01:17:07.334	155.939	155.940			6
2026.02.10	01:17:07.651	155.941	155.942			6
2026.02.10	01:17:22.077	155.942	155.943			6
2026.02.10	01:17:22.386	155.943	155.944			6
2026.02.10	01:17:23.325	155.944	155.945			6
2026.02.10	01:17:31.097	155.943	155.944			6
2026.02.10	01:17:32.351	155.944	155.945			6
2026.02.10	01:17:33.888	155.943	155.944			6
2026.02.10	01:17:35.738	155.944	155.945			6
2026.02.10	01:17:40.696	155.945	155.946			6
2026.02.10	01:17:41.306	155.946	155.947			6
2026.02.10	01:17:43.468	155.945	155.946			6
2026.02.10	01:17:44.712	155.946	155.947			6
2026.02.10	01:17:45.966	155.951	155.952			6
2026.02.10	01:17:46.268	155.960	155.961			6
2026.02.10	01:17:48.432	155.961	155.962			6
2026.02.10	01:17:50.899	155.962	155.963			6
2026.02.10	01:17:51.815	155.964	155.965			6
2026.02.10	01:17:52.133	155.965	155.966			6
2026.02.10	01:17:57.992	155.966	155.967			6
2026.02.10	01:17:58.303	155.967	155.968			6
2026.02.10	01:18:00.154	155.967				2
2026.02.10	01:18:00.458	155.965	155.966			6
2026.02.10	01:18:02.635	155.966	155.967			6
2026.02.10	01:18:04.173	155.965	155.966			6
2026.02.10	01:18:05.437	155.966	155.967			6
2026.02.10	01:18:05.743	155.965	155.966			6
2026.02.10	01:18:07.612	155.962	155.963			6
2026.02.10	01:18:07.922	155.961	155.962			6
2026.02.10	01:18:12.287	155.962	155.963			6
2026.02.10	01:18:14.156	155.967	155.968			6
2026.02.10	01:18:16.988	155.972	155.973			6
2026.02.10	01:18:17.309	155.973	155.974			6
2026.02.10	01:18:21.976	155.976	155.977			6
2026.02.10	01:18:22.912	155.977	155.978			6
2026.02.10	01:18:25.691	155.978	155.979			6
2026.02.10	01:18:26.620	155.977	155.978			6
2026.02.10	01:18:28.490	155.976	155.977			6
2026.02.10	01:18:29.722	155.977	155.978			6
2026.02.10	01:18:39.669	155.978	155.979			6
2026.02.10	01:18:49.226	155.977	155.978			6
2026.02.10	01:18:52.040	155.983	155.984			6
2026.02.10	01:18:52.656	155.984	155.985			6
2026.02.10	01:18:52.974	155.985	155.986			6
2026.02.10	01:18:53.578	155.984	155.985			6
2026.02.10	01:18:55.748	155.985	155.986			6
2026.02.10	01:19:00.080	155.985				2
2026.02.10	01:19:01.321	155.983	155.984			6
2026.02.10	01:19:01.622	155.982	155.983			6
2026.02.10	01:19:01.932	155.983	155.984			6
2026.02.10	01:19:04.100	155.984	155.985			6
2026.02.10	01:19:08.099	155.983	155.984			6
2026.02.10	01:19:08.735	155.984	155.985			6
2026.02.10	01:19:12.455	155.983	155.984			6
2026.02.10	01:19:12.767	155.984	155.985			6
2026.02.10	01:19:18.100	155.983	155.984			6
2026.02.10	01:19:19.023	155.984	155.985			6
2026.02.10	01:19:19.644	155.983	155.984			6
2026.02.10	01:19:19.955	155.984	155.985			6
2026.02.10	01:19:23.044	155.983	155.984			6
2026.02.10	01:19:23.348	155.984	155.985			6
2026.02.10	01:19:26.424	155.985	155.986			6
2026.02.10	01:19:26.728	155.984	155.985			6
2026.02.10	01:19:31.737	155.985	155.986			6
2026.02.10	01:19:33.280	155.981	155.982			6
2026.02.10	01:19:33.900	155.980	155.981			6
2026.02.10	01:19:48.814	155.981	155.982			6
2026.02.10	01:19:50.963	155.980	155.981			6
2026.02.10	01:19:52.546	155.981	155.982			6
2026.02.10	01:19:56.856	155.980	155.981			6
2026.02.10	01:19:57.163	155.981	155.982			6
2026.02.10	01:20:00.244	155.980	155.981			6
2026.02.10	01:20:00.861	155.979	155.980			6
2026.02.10	01:20:05.802	155.980	155.981			6
2026.02.10	01:20:06.113	155.979	155.980			6
2026.02.10	01:20:06.417	155.980	155.981			6
2026.02.10	01:20:12.920	155.981	155.982			6
2026.02.10	01:20:15.985	155.980	155.981			6
2026.02.10	01:20:18.462	155.981	155.982			6
2026.02.10	01:20:18.782	155.980	155.981			6
2026.02.10	01:20:19.394	155.978	155.979			6
2026.02.10	01:20:32.464	155.977	155.978			6
2026.02.10	01:20:32.771	155.978	155.979			6
2026.02.10	01:20:33.714	155.977	155.978			6
2026.02.10	01:20:34.345	155.978	155.979			6
2026.02.10	01:20:50.164	155.979	155.980			6
2026.02.10	01:20:57.599	155.978	155.979			6
2026.02.10	01:21:00.057	155.978				2
2026.02.10	01:21:10.271	155.977	155.978			6
2026.02.10	01:21:15.197	155.978	155.979			6
2026.02.10	01:21:18.301	155.977	155.978			6
2026.02.10	01:21:21.410	155.978	155.979			6
2026.02.10	01:21:22.326	155.973	155.974			6
2026.02.10	01:21:22.634	155.972	155.973			6
2026.02.10	01:21:22.942	155.971	155.972			6
2026.02.10	01:21:23.259	155.972	155.973			6
2026.02.10	01:21:23.564	155.971	155.972			6
2026.02.10	01:21:26.976	155.967	155.968			6
2026.02.10	01:21:27.297	155.970	155.971			6
2026.02.10	01:21:27.613	155.971	155.972			6
2026.02.10	01:21:28.555	155.972	155.973			6
2026.02.10	01:21:36.285	155.971	155.972			6
2026.02.10	01:21:36.602	155.972	155.973			6
2026.02.10	01:21:38.169	155.973	155.974			6
2026.02.10	01:21:38.476	155.972	155.973			6
2026.02.10	01:21:38.793	155.971	155.972			6
2026.02.10	01:21:39.108	155.972	155.973			6
2026.02.10	01:21:41.883	155.973	155.974			6
2026.02.10	01:21:42.188	155.972	155.973			6
2026.02.10	01:21:44.670	155.973	155.974			6
2026.02.10	01:21:46.194	155.971	155.972			6
2026.02.10	01:21:46.495	155.972	155.973			6
2026.02.10	01:21:50.230	155.971	155.972			6
2026.02.10	01:21:50.842	155.972	155.973			6
2026.02.10	01:21:51.765	155.971	155.972			6
2026.02.10	01:22:00.160	155.971				2
2026.02.10	01:22:02.648	155.970	155.971			6
2026.02.10	01:22:02.968	155.971	155.972			6
2026.02.10	01:22:03.290	155.970	155.971			6
2026.02.10	01:22:03.928	155.971	155.972			6
2026.02.10	01:22:13.508	155.972	155.973			6
2026.02.10	01:22:13.812	155.971	155.972			6
2026.02.10	01:22:14.118	155.991	155.992			6
2026.02.10	01:22:14.420	156.002	156.003			6
2026.02.10	01:22:14.727	156.001	156.002			6
2026.02.10	01:22:15.048	156.002	156.003			6
2026.02.10	01:22:15.356	156.000	156.007			6
2026.02.10	01:22:16.303	155.995	156.004			6
2026.02.10	01:22:16.618	155.994	156.003			6
2026.02.10	01:22:17.239	155.995	156.004			6
2026.02.10	01:22:18.469	155.994	156.003			6
2026.02.10	01:22:19.087	155.995	156.004			6
2026.02.10	01:22:19.392	155.997	156.005			6
2026.02.10	01:22:25.661	155.996				2
2026.02.10	01:22:27.230	155.995	156.004			6
2026.02.10	01:22:30.962	155.998	156.005			6
2026.02.10	01:22:35.318	155.996				2
2026.02.10	01:22:36.247	155.997				2
2026.02.10	01:22:38.125		156.006			4
2026.02.10	01:22:38.460		156.005			4
2026.02.10	01:22:38.765		156.006			4
2026.02.10	01:22:40.612	155.998				2
2026.02.10	01:22:40.923	155.996	156.005			6
2026.02.10	01:22:41.238	155.995	156.004			6
2026.02.10	01:22:41.556	155.996	156.005			6
2026.02.10	01:22:41.864	155.995	156.004			6
2026.02.10	01:22:42.176	155.996				2
2026.02.10	01:22:46.227	156.003	156.009			6
2026.02.10	01:22:47.647	156.001	156.008			6
2026.02.10	01:22:56.216	156.000				2
2026.02.10	01:22:57.410	156.007	156.014			6
2026.02.10	01:22:57.719	156.008	156.015			6
2026.02.10	01:22:58.354		156.016			4
2026.02.10	01:22:58.977	156.010				2
2026.02.10	01:22:59.279	156.013	156.020			6
2026.02.10	01:23:00.213	156.014				2
2026.02.10	01:23:00.637	156.012				2
2026.02.10	01:23:03.865		156.019			4
2026.02.10	01:23:06.334	156.013				2
2026.02.10	01:23:06.640	156.014	156.020			6
2026.02.10	01:23:06.949	156.013				2
2026.02.10	01:23:07.606		156.019			4
2026.02.10	01:23:08.539	156.014				2
2026.02.10	01:23:08.846	156.016	156.023			6
2026.02.10	01:23:09.473	156.019	156.026			6
2026.02.10	01:23:09.778	156.020	156.027			6
2026.02.10	01:23:10.410	156.021	156.028			6
2026.02.10	01:23:11.032	156.022				2
2026.02.10	01:23:12.606	156.021				2
2026.02.10	01:23:15.716		156.027			4
2026.02.10	01:23:17.280		156.028			4
2026.02.10	01:23:19.127		156.027			4
2026.02.10	01:23:21.925	156.024	156.030			6
2026.02.10	01:23:22.232	156.025				2
2026.02.10	01:23:23.166	156.026				2
2026.02.10	01:23:23.789		156.031			4
2026.02.10	01:23:24.416	156.027				2
2026.02.10	01:23:30.031	156.026				2
2026.02.10	01:23:32.217		156.030			4
2026.02.10	01:23:37.201	156.025				2
2026.02.10	01:23:40.328	156.026	156.031			6
2026.02.10	01:23:44.376		156.030			4
2026.02.10	01:23:44.684	156.027	156.031			6
2026.02.10	01:23:45.909	156.029				2
2026.02.10	01:23:46.823	156.030				2
2026.02.10	01:23:48.052		156.032			4
2026.02.10	01:23:48.365	156.028				2
2026.02.10	01:23:48.675	156.034	156.038			6
2026.02.10	01:23:49.291		156.039			4
2026.02.10	01:23:50.221	156.035				2
2026.02.10	01:23:54.211	156.038	156.042			6
2026.02.10	01:23:55.747	156.039	156.043			6
2026.02.10	01:24:00.049	156.039				2
2026.02.10	01:24:01.288		156.042			4
2026.02.10	01:24:01.905	156.040				2
2026.02.10	01:24:02.821	156.039				2
2026.02.10	01:24:11.098		156.041			4
2026.02.10	01:24:13.254	156.038	156.040			6
2026.02.10	01:24:14.172	156.037	156.039			6
2026.02.10	01:24:14.476	156.036	156.038			6
2026.02.10	01:24:16.315	156.027	156.029			6
2026.02.10	01:24:16.621	156.024	156.026			6
2026.02.10	01:24:16.927	156.025	156.027			6
2026.02.10	01:24:17.236	156.023	156.028			6
2026.02.10	01:24:18.486	156.025	156.030			6
2026.02.10	01:24:19.748	156.026	156.031			6
2026.02.10	01:24:20.370	156.025	156.030			6
2026.02.10	01:24:25.346		156.029			4
2026.02.10	01:24:26.276	156.034	156.038			6
2026.02.10	01:24:27.214	156.033				2
2026.02.10	01:24:29.398		156.037			4
2026.02.10	01:24:29.705	156.030	156.035			6
2026.02.10	01:24:30.965	156.029	156.034			6
2026.02.10	01:24:31.286	156.030	156.035			6
2026.02.10	01:24:32.530	156.029	156.034			6
2026.02.10	01:24:32.851	156.030	156.035			6
2026.02.10	01:24:33.478	156.031	156.036			6
2026.02.10	01:24:35.361		156.035			4
2026.02.10	01:24:37.886	156.032				2
2026.02.10	01:24:38.504	156.036	156.040			6
2026.02.10	01:24:39.140		156.041			4
2026.02.10	01:24:40.399		156.040			4
2026.02.10	01:24:41.023	156.037				2
2026.02.10	01:24:41.329	156.036				2
2026.02.10	01:24:41.962	156.039	156.043			6
2026.02.10	01:24:42.269	156.040	156.044			6
2026.02.10	01:24:44.743	156.044	156.048			6
2026.02.10	01:24:49.418	156.043	156.047			6
2026.02.10	01:24:51.610	156.042	156.046			6
2026.02.10	01:24:52.547	156.043	156.047			6
2026.02.10	01:24:54.115		156.046			4
2026.02.10	01:25:00.243	156.043				2
2026.02.10	01:25:02.094	156.042	156.045			6
2026.02.10	01:25:02.401	156.038	156.041			6
2026.02.10	01:25:03.008	156.037	156.040			6
2026.02.10	01:25:03.310	156.042	156.045			6
2026.02.10	01:25:04.226	156.041	156.044			6
2026.02.10	01:25:06.674	156.042	156.045			6
2026.02.10	01:25:08.221	156.043	156.046			6
2026.02.10	01:25:11.289		156.045			4
2026.02.10	01:25:12.516	156.044	156.046			6
2026.02.10	01:25:17.123	156.043	156.045			6
2026.02.10	01:25:17.427	156.044	156.046			6
2026.02.10	01:25:18.044	156.043	156.045			6
2026.02.10	01:25:19.274	156.044				2
2026.02.10	01:25:23.878	156.042	156.043			6
2026.02.10	01:25:24.192	156.041	156.042			6
2026.02.10	01:25:24.511	156.042	156.043			6
2026.02.10	01:25:24.818	156.041	156.042			6
2026.02.10	01:25:25.121	156.042	156.043			6
2026.02.10	01:25:26.031	156.043	156.044			6
2026.02.10	01:25:27.265	156.044	156.045			6
2026.02.10	01:25:28.188	156.043	156.044			6
2026.02.10	01:25:34.654	156.042	156.043			6
2026.02.10	01:25:35.580	156.044	156.045			6
2026.02.10	01:25:36.196	156.043	156.044			6
2026.02.10	01:25:42.956	156.042	156.043			6
2026.02.10	01:25:43.258	156.043	156.044			6
2026.02.10	01:25:45.412	156.053	156.054			6
2026.02.10	01:25:46.338	156.052				2
2026.02.10	01:25:47.264	156.053				2
2026.02.10	01:25:52.490	156.054	156.055			6
2026.02.10	01:25:56.786	156.055	156.056			6
2026.02.10	01:25:58.969	156.054	156.055			6
2026.02.10	01:26:00.188	156.054				2
2026.02.10	01:26:00.501	156.055	156.056			6
2026.02.10	01:26:02.640	156.054	156.055			6
2026.02.10	01:26:04.468	156.053	156.054			6
2026.02.10	01:26:07.547	156.054	156.055			6
2026.02.10	01:26:08.778	156.053	156.054			6
2026.02.10	01:26:09.083	156.054	156.055			6
2026.02.10	01:26:12.455	156.066	156.067			6
2026.02.10	01:26:13.373	156.065	156.068			6
2026.02.10	01:26:16.169		156.067			4
2026.02.10	01:26:24.317	156.066				2
2026.02.10	01:26:26.760	156.067	156.068			6
2026.02.10	01:26:30.438	156.066	156.067			6
2026.02.10	01:26:36.890	156.065	156.066			6
2026.02.10	01:26:38.115	156.066	156.067			6
2026.02.10	01:26:40.252	156.067	156.068			6
2026.02.10	01:26:47.304	156.066	156.067			6
2026.02.10	01:26:47.608	156.068	156.069			6
2026.02.10	01:26:49.448	156.069	156.070			6
2026.02.10	01:26:50.983	156.080	156.081			6
2026.02.10	01:26:51.290	156.082	156.083			6
2026.02.10	01:26:51.900	156.075	156.076			6
2026.02.10	01:26:53.430	156.076	156.077			6
2026.02.10	01:26:55.268	156.075	156.076			6
2026.02.10	01:26:56.193	156.076	156.077			6
2026.02.10	01:26:56.801	156.075	156.076			6
2026.02.10	01:26:57.108	156.076	156.077			6
2026.02.10	01:26:58.031	156.075	156.076			6
2026.02.10	01:26:58.338	156.076	156.077			6
2026.02.10	01:26:59.862	156.074	156.075			6
2026.02.10	01:27:00.170	156.075	156.076			6
2026.02.10	01:27:00.478	156.067	156.068			6
2026.02.10	01:27:01.093		156.069			4
2026.02.10	01:27:02.945	156.066	156.068			6
2026.02.10	01:27:05.118	156.067				2
2026.02.10	01:27:07.629	156.066	156.067			6
2026.02.10	01:27:08.868	156.067	156.068			6
2026.02.10	01:27:11.338	156.066	156.067			6
2026.02.10	01:27:11.958	156.067	156.068			6
2026.02.10	01:27:13.485	156.068	156.069			6
2026.02.10	01:27:14.110	156.067	156.068			6
2026.02.10	01:27:14.413	156.066	156.067			6
2026.02.10	01:27:18.699	156.067	156.068			6
2026.02.10	01:27:19.308	156.066	156.067			6
2026.02.10	01:27:19.920	156.067	156.068			6
2026.02.10	01:27:21.768	156.063	156.064			6
2026.02.10	01:27:22.073	156.062	156.063			6
2026.02.10	01:27:23.918	156.063	156.064			6
2026.02.10	01:27:24.230	156.062	156.063			6
2026.02.10	01:27:24.862	156.065	156.066			6
2026.02.10	01:27:25.168	156.066	156.067			6
2026.02.10	01:27:26.702	156.065	156.066			6
2026.02.10	01:27:30.381	156.066	156.067			6
2026.02.10	01:27:34.070	156.065	156.066			6
2026.02.10	01:27:35.013	156.066	156.067			6
2026.02.10	01:27:39.010	156.067	156.068			6
2026.02.10	01:27:42.753	156.074	156.075			6
2026.02.10	01:27:43.062	156.073	156.074			6
2026.02.10	01:27:43.384	156.074	156.075			6
2026.02.10	01:27:44.605	156.075	156.076			6
2026.02.10	01:27:45.844	156.074	156.075			6
2026.02.10	01:27:48.648	156.075	156.076			6
2026.02.10	01:27:48.959	156.074	156.075			6
2026.02.10	01:27:50.209	156.066	156.067			6
2026.02.10	01:27:50.514	156.065	156.066			6
2026.02.10	01:27:51.130	156.066	156.068			6
2026.02.10	01:27:51.435	156.067	156.069			6
2026.02.10	01:27:52.374	156.068				2
2026.02.10	01:27:53.002	156.075	156.076			6
2026.02.10	01:27:53.919	156.080	156.081			6
2026.02.10	01:27:54.228	156.082	156.083			6
2026.02.10	01:27:55.491	156.080				2
2026.02.10	01:27:57.365	156.086	156.087			6
2026.02.10	01:27:57.685	156.082	156.085			6
2026.02.10	01:27:58.625		156.084			4
2026.02.10	01:27:59.552		156.085			4
2026.02.10	01:27:59.859		156.084			4
2026.02.10	01:28:00.179	156.082				2
2026.02.10	01:28:00.495	156.077	156.080			6
2026.02.10	01:28:02.662	156.076				2
2026.02.10	01:28:02.985	156.075	156.079			6
2026.02.10	01:28:05.172	156.076				2
2026.02.10	01:28:06.754	156.075	156.078			6
2026.02.10	01:28:08.639	156.076	156.079			6
2026.02.10	01:28:10.206	156.075	156.078			6
2026.02.10	01:28:12.390	156.076				2
2026.02.10	01:28:14.243	156.075	156.077			6
2026.02.10	01:28:17.051	156.076	156.078			6
2026.02.10	01:28:17.986	156.075	156.077			6
2026.02.10	01:28:18.291	156.076				2
2026.02.10	01:28:21.050	156.077	156.078			6
2026.02.10	01:28:22.581	156.074	156.075			6
2026.02.10	01:28:22.889	156.072	156.073			6
2026.02.10	01:28:23.502	156.071	156.072			6
2026.02.10	01:28:23.804	156.072	156.073			6
2026.02.10	01:28:25.033	156.073	156.074			6
2026.02.10	01:28:25.948	156.074	156.075			6
2026.02.10	01:28:26.258	156.073	156.074			6
2026.02.10	01:28:28.717	156.072	156.073			6
2026.02.10	01:28:30.867	156.073	156.074			6
2026.02.10	01:28:31.491	156.066	156.067			6
2026.02.10	01:28:37.696	156.073	156.074			6
2026.02.10	01:28:38.935	156.076	156.077			6
2026.02.10	01:28:39.237	156.077	156.078			6
2026.02.10	01:28:42.048		156.079			4
2026.02.10	01:28:43.937	156.072	156.075			6
2026.02.10	01:28:44.256	156.073	156.076			6
2026.02.10	01:28:45.468	156.074	156.077			6
2026.02.10	01:28:48.305		156.076			4
2026.02.10	01:28:51.104	156.079	156.080			6
2026.02.10	01:28:51.419	156.078	156.079			6
2026.02.10	01:28:54.235	156.077	156.078			6
2026.02.10	01:28:54.543	156.076				2
2026.02.10	01:28:54.856	156.077				2
2026.02.10	01:28:56.385		156.079			4
2026.02.10	01:28:56.700		156.078			4
2026.02.10	01:28:57.944	156.076				2
2026.02.10	01:28:59.199	156.077				2
2026.02.10	01:29:00.123	156.077				2
2026.02.10	01:29:01.344	156.078	156.079			6
2026.02.10	01:29:03.802	156.079	156.080			6
2026.02.10	01:29:04.112	156.078	156.079			6
2026.02.10	01:29:04.418	156.077	156.078			6
2026.02.10	01:29:04.723	156.079	156.080			6
2026.02.10	01:29:05.026	156.080	156.081			6
2026.02.10	01:29:05.643	156.081	156.082			6
2026.02.10	01:29:09.920	156.082	156.083			6
2026.02.10	01:29:10.537	156.081	156.082			6
2026.02.10	01:29:12.682	156.082	156.083			6
2026.02.10	01:29:12.984	156.087	156.088			6
2026.02.10	01:29:15.142	156.084	156.085			6
2026.02.10	01:29:16.671	156.082	156.083			6
2026.02.10	01:29:18.823	156.080	156.081			6
2026.02.10	01:29:19.133	156.078	156.079			6
2026.02.10	01:29:23.108	156.077	156.078			6
2026.02.10	01:29:23.410	156.078	156.079			6
2026.02.10	01:29:27.404	156.077	156.078			6
2026.02.10	01:29:33.239	156.078	156.079			6
2026.02.10	01:29:36.602	156.077	156.078			6
2026.02.10	01:29:38.743	156.078	156.079			6
2026.02.10	01:29:41.189	156.079	156.080			6
2026.02.10	01:29:42.416	156.078	156.079			6
2026.02.10	01:29:46.462	156.079	156.080			6
2026.02.10	01:29:48.916	156.078	156.079			6
2026.02.10	01:29:49.220	156.079	156.080			6
2026.02.10	01:29:56.711	156.078	156.079			6
2026.02.10	01:30:00.124	156.078				2
2026.02.10	01:30:01.961	156.087	156.088			6
2026.02.10	01:30:03.202	156.085	156.086			6
2026.02.10	01:30:03.526	156.087	156.088			6
2026.02.10	01:30:05.714	156.086	156.087			6
2026.02.10	01:30:06.652	156.082	156.083			6
2026.02.10	01:30:07.579	156.081	156.082			6
2026.02.10	01:30:08.519	156.082	156.083			6
2026.02.10	01:30:09.761	156.081	156.082			6
2026.02.10	01:30:11.295	156.080	156.081			6
2026.02.10	01:30:11.605	156.078	156.079			6
2026.02.10	01:30:14.109	156.079	156.080			6
2026.02.10	01:30:16.943	156.078	156.079			6
2026.02.10	01:30:25.923	156.077	156.078			6
2026.02.10	01:30:26.858	156.078	156.079			6
2026.02.10	01:30:29.009	156.077	156.078			6
2026.02.10	01:30:30.271	156.078	156.079			6
2026.02.10	01:30:31.839	156.079	156.080			6
2026.02.10	01:30:32.768	156.078	156.079			6
2026.02.10	01:30:35.919	156.077	156.078			6
2026.02.10	01:30:38.734	156.078	156.079			6
2026.02.10	01:30:40.300	156.079	156.080			6
2026.02.10	01:30:42.145	156.078	156.079			6
2026.02.10	01:30:45.896	156.077	156.078			6
2026.02.10	01:30:47.743	156.079	156.080			6
2026.02.10	01:30:48.366	156.078	156.079			6
2026.02.10	01:30:51.796	156.077	156.078			6
2026.02.10	01:30:52.103	156.074	156.075			6
2026.02.10	01:30:53.035	156.075	156.076			6
2026.02.10	01:30:54.599	156.069	156.070			6
2026.02.10	01:30:54.921	156.068	156.069			6
2026.02.10	01:30:56.179	156.073	156.074			6
2026.02.10	01:30:56.492	156.075	156.076			6
2026.02.10	01:31:00.200	156.075				2
2026.02.10	01:31:00.804	156.074	156.075			6
2026.02.10	01:31:01.106	156.075	156.076			6
2026.02.10	01:31:02.026	156.076	156.077			6
2026.02.10	01:31:02.349	156.077	156.078			6
2026.02.10	01:31:02.975	156.075	156.076			6
2026.02.10	01:31:05.129	156.074	156.075			6
