<DATE>	<TIME>	<BID>	<ASK>	<LAST>	<VOLUME>	<FLAGS>
2026.03.20	00:03:30.682	157.664	157.730			6
2026.03.20	00:04:00.212	157.664				2
2026.03.20	00:04:30.898		157.730			4
2026.03.20	00:05:00.125	157.664				2
2026.03.20	00:05:04.630	157.663	157.729			6
2026.03.20	00:05:07.938	157.661	157.727			6
2026.03.20	00:05:08.238	157.665	157.731			6
2026.03.20	00:05:50.397	157.680	157.746			6
2026.03.20	00:06:00.033	157.677	157.743			6
2026.03.20	00:06:00.335	157.676	157.742			6
2026.03.20	00:06:05.160	157.672	157.738			6
2026.03.20	00:06:30.430	157.673	157.739			6
2026.03.20	00:06:54.805	157.671	157.737			6
2026.03.20	00:07:00.224	157.671				2
2026.03.20	00:07:01.125	157.668	157.734			6
2026.03.20	00:07:09.850	157.657	157.723			6
2026.03.20	00:07:16.778	157.655	157.721			6
2026.03.20	00:07:22.796	157.668	157.734			6
2026.03.20	00:07:40.863	157.669	157.735			6
2026.03.20	00:07:43.568	157.670	157.736			6
2026.03.20	00:07:46.579	157.669	157.735			6
2026.03.20	00:07:47.486	157.670	157.736			6
2026.03.20	00:08:00.106	157.670				2
2026.03.20	00:08:09.734	157.671	157.737			6
2026.03.20	00:08:20.270	157.607	157.802			6
2026.03.20	00:08:20.947	157.671	157.737			6
2026.03.20	00:08:30.599	157.672	157.738			6
2026.03.20	00:08:34.517	157.683	157.749			6
2026.03.20	00:08:45.645	157.684	157.750			6
2026.03.20	00:08:53.177	157.685	157.751			6
2026.03.20	00:08:57.090	157.684	157.750			6
2026.03.20	00:09:00.098	157.684				2
2026.03.20	00:09:00.399	157.683	157.749			6
2026.03.20	00:09:03.706	157.684	157.750			6
2026.03.20	00:09:25.980	157.683	157.749			6
2026.03.20	00:09:30.795	157.684	157.750			6
2026.03.20	00:09:56.683	157.685	157.751			6
2026.03.20	00:10:00.294	157.684	157.750			6
2026.03.20	00:10:06.011	157.683	157.749			6
2026.03.20	00:10:09.622	157.684	157.750			6
2026.03.20	00:10:17.440	157.685	157.751			6
2026.03.20	00:10:21.354	157.684	157.750			6
2026.03.20	00:10:22.256	157.687	157.753			6
2026.03.20	00:10:25.569	157.686	157.752			6
2026.03.20	00:10:32.494	157.675	157.741			6
2026.03.20	00:10:37.005	157.676	157.742			6
2026.03.20	00:10:47.533	157.675	157.741			6
2026.03.20	00:10:53.263	157.676	157.742			6
2026.03.20	00:10:53.563	157.675	157.741			6
2026.03.20	00:11:00.188	157.675				2
2026.03.20	00:11:03.496	157.674	157.740			6
2026.03.20	00:11:16.129	157.675	157.741			6
2026.03.20	00:11:17.030	157.674	157.740			6
2026.03.20	00:11:21.841	157.673	157.739			6
2026.03.20	00:11:26.656	157.674	157.740			6
2026.03.20	00:11:27.259	157.664	157.739			6
2026.03.20	00:11:28.461	157.662	157.737			6
2026.03.20	00:11:29.062	157.661	157.736			6
2026.03.20	00:11:35.984	157.662	157.737			6
2026.03.20	00:11:55.239	157.661	157.736			6
2026.03.20	00:11:57.649	157.662	157.737			6
2026.03.20	00:12:00.058	157.662				2
2026.03.20	00:12:02.164	157.661	157.736			6
2026.03.20	00:12:09.391	157.660	157.735			6
2026.03.20	00:12:18.105	157.659	157.734			6
2026.03.20	00:12:19.309	157.662	157.737			6
2026.03.20	00:12:20.512	157.661	157.736			6
2026.03.20	00:12:24.419	157.659	157.734			6
2026.03.20	00:12:27.130	157.658	157.730			6
2026.03.20	00:12:28.031	157.657	157.729			6
2026.03.20	00:12:31.944	157.658	157.730			6
2026.03.20	00:12:36.152	157.657	157.729			6
2026.03.20	00:12:37.061	157.662	157.734			6
2026.03.20	00:12:37.962	157.661	157.733			6
2026.03.20	00:12:40.380	157.662	157.734			6
2026.03.20	00:12:47.299	157.658	157.730			6
2026.03.20	00:12:48.203	157.657	157.729			6
2026.03.20	00:12:57.825	157.658	157.730			6
2026.03.20	00:12:59.928	157.656	157.728			6
2026.03.20	00:13:00.229	157.656				2
2026.03.20	00:13:01.730	157.655	157.727			6
2026.03.20	00:13:08.042		157.732			4
2026.03.20	00:13:08.946	157.654	157.731			6
2026.03.20	00:13:17.063	157.651	157.734			6
2026.03.20	00:13:25.493	157.652	157.735			6
2026.03.20	00:13:26.095	157.651	157.734			6
2026.03.20	00:13:29.098	157.652	157.735			6
2026.03.20	00:13:30.905	157.650	157.733			6
2026.03.20	00:13:33.009	157.651	157.734			6
2026.03.20	00:13:34.813	157.650	157.733			6
2026.03.20	00:13:46.547	157.649	157.732			6
2026.03.20	00:13:47.147	157.650	157.733			6
2026.03.20	00:13:47.447	157.649	157.732			6
2026.03.20	00:13:48.355	157.650	157.733			6
2026.03.20	00:13:50.161	157.649	157.732			6
2026.03.20	00:13:50.761	157.648	157.731			6
2026.03.20	00:14:00.095	157.648				2
2026.03.20	00:14:01.297	157.649	157.732			6
2026.03.20	00:14:01.597	157.648	157.731			6
2026.03.20	00:14:06.112	157.649	157.732			6
2026.03.20	00:14:06.413	157.648	157.731			6
2026.03.20	00:14:09.418	157.651	157.734			6
2026.03.20	00:14:13.324	157.648	157.731			6
2026.03.20	00:14:18.735	157.647	157.730			6
2026.03.20	00:14:19.035	157.659	157.742			6
2026.03.20	00:14:19.335	157.660	157.743			6
2026.03.20	00:14:22.942	157.659	157.742			6
2026.03.20	00:14:25.950	157.660	157.743			6
2026.03.20	00:14:27.151	157.655	157.738			6
2026.03.20	00:14:28.953	157.656	157.739			6
2026.03.20	00:14:29.255	157.654	157.737			6
2026.03.20	00:14:34.066	157.655	157.738			6
2026.03.20	00:14:36.175	157.654	157.737			6
2026.03.20	00:14:37.984	157.655	157.738			6
2026.03.20	00:14:41.894	157.657	157.740			6
2026.03.20	00:14:45.197	157.647	157.735			6
2026.03.20	00:14:51.519	157.649	157.732			6
2026.03.20	00:15:00.233	157.647	157.730			6
2026.03.20	00:15:00.533	157.650	157.733			6
2026.03.20	00:15:01.134	157.647	157.730			6
2026.03.20	00:15:01.434	157.648	157.731			6
2026.03.20	00:15:01.736	157.650	157.733			6
2026.03.20	00:15:02.937		157.740			4
2026.03.20	00:15:04.139	157.649	157.739			6
2026.03.20	00:15:04.439	157.650	157.740			6
2026.03.20	00:15:04.739	157.649	157.739			6
2026.03.20	00:15:07.154	157.647	157.730			6
2026.03.20	00:15:08.361	157.651	157.734			6
2026.03.20	00:15:11.363	157.652	157.735			6
2026.03.20	00:15:11.663	157.653	157.736			6
2026.03.20	00:15:14.677	157.644	157.727			6
2026.03.20	00:15:14.981	157.647	157.730			6
2026.03.20	00:15:15.281	157.646	157.729			6
2026.03.20	00:15:24.608	157.647	157.730			6
2026.03.20	00:15:32.733	157.648	157.731			6
2026.03.20	00:15:33.033	157.649	157.732			6
2026.03.20	00:15:44.774	157.650	157.733			6
2026.03.20	00:15:45.075	157.651	157.734			6
2026.03.20	00:15:46.877	157.652	157.735			6
2026.03.20	00:15:52.890	157.650	157.733			6
2026.03.20	00:15:53.191	157.654	157.737			6
2026.03.20	00:15:53.792	157.647	157.741			6
2026.03.20	00:15:54.094	157.653	157.738			6
2026.03.20	00:15:58.904	157.654	157.739			6
2026.03.20	00:15:59.504	157.656	157.741			6
2026.03.20	00:16:00.105	157.656				2
2026.03.20	00:16:07.326	157.639				2
2026.03.20	00:16:07.626	157.638				2
2026.03.20	00:16:09.429	157.651	157.736			6
2026.03.20	00:16:09.729		157.731			4
2026.03.20	00:16:10.929	157.673	157.723			6
2026.03.20	00:16:11.229	157.677				2
2026.03.20	00:16:11.829	157.676				2
2026.03.20	00:16:12.130	157.658	157.716			6
2026.03.20	00:16:12.430	157.659				2
2026.03.20	00:16:15.136	157.660				2
2026.03.20	00:16:15.737	157.659				2
2026.03.20	00:16:18.740	157.657				2
2026.03.20	00:16:19.344	157.658				2
2026.03.20	00:16:23.255	157.660				2
2026.03.20	00:16:24.762	157.661				2
2026.03.20	00:16:27.770	157.663				2
2026.03.20	00:16:34.393	157.660				2
2026.03.20	00:16:41.004	157.655				2
2026.03.20	00:16:43.714	157.656				2
2026.03.20	00:16:44.617	157.655				2
2026.03.20	00:16:52.139	157.656				2
2026.03.20	00:16:52.439	157.657				2
2026.03.20	00:16:53.639	157.658				2
2026.03.20	00:16:54.241	157.657				2
2026.03.20	00:17:00.260	157.657				2
2026.03.20	00:17:00.560	157.659				2
2026.03.20	00:17:02.062	157.660				2
2026.03.20	00:17:07.175	157.659				2
2026.03.20	00:17:08.986	157.661				2
2026.03.20	00:17:10.189	157.662				2
2026.03.20	00:17:11.992		157.713			4
2026.03.20	00:17:16.804	157.663				2
2026.03.20	00:17:21.016	157.665				2
2026.03.20	00:17:25.831	157.666				2
2026.03.20	00:17:27.032	157.665				2
2026.03.20	00:17:31.238	157.667				2
2026.03.20	00:17:40.871	157.668				2
2026.03.20	00:17:42.082	157.669				2
2026.03.20	00:17:50.505	157.668				2
2026.03.20	00:17:51.110	157.669				2
2026.03.20	00:17:52.018	157.674				2
2026.03.20	00:17:58.639	157.669				2
2026.03.20	00:17:58.938	157.665				2
2026.03.20	00:18:00.140	157.669				2
2026.03.20	00:18:00.440	157.670				2
2026.03.20	00:18:01.946	157.666				2
2026.03.20	00:18:02.246	157.667				2
2026.03.20	00:18:05.263	157.673				2
2026.03.20	00:18:12.173		157.713			4
2026.03.20	00:18:13.378	157.672				2
2026.03.20	00:18:26.012	157.664				2
2026.03.20	00:18:26.312	157.665				2
2026.03.20	00:18:34.137	157.669				2
2026.03.20	00:18:41.363	157.668				2
2026.03.20	00:18:49.509	157.667				2
2026.03.20	00:18:50.718	157.668				2
2026.03.20	00:19:00.055	157.667				2
2026.03.20	00:19:01.259	157.668				2
2026.03.20	00:19:03.668	157.667				2
2026.03.20	00:19:08.191	157.668				2
2026.03.20	00:19:11.197	157.667				2
2026.03.20	00:19:11.497	157.668				2
2026.03.20	00:19:12.398		157.713			4
2026.03.20	00:19:13.000	157.669	157.718			6
2026.03.20	00:19:13.303	157.668				2
2026.03.20	00:19:13.605		157.714			4
2026.03.20	00:19:15.409	157.639	157.719			6
2026.03.20	00:19:18.418	157.645				2
2026.03.20	00:19:19.622	157.644				2
2026.03.20	00:19:20.225	157.643				2
2026.03.20	00:19:20.527	157.623				2
2026.03.20	00:19:28.052	157.622				2
2026.03.20	00:19:28.351	157.620				2
2026.03.20	00:19:28.954	157.619				2
2026.03.20	00:19:29.254	157.618				2
2026.03.20	00:19:40.389	157.632	157.710			6
2026.03.20	00:19:40.693	157.631				2
2026.03.20	00:19:41.295	157.626				2
2026.03.20	00:19:43.697	157.625				2
2026.03.20	00:19:53.322	157.619	157.706			6
2026.03.20	00:19:54.829	157.620	157.707			6
2026.03.20	00:20:00.240	157.621	157.708			6
2026.03.20	00:20:04.760	157.617	157.706			6
2026.03.20	00:20:05.062	157.616				2
2026.03.20	00:20:10.176		157.704			4
2026.03.20	00:20:15.296	157.620				2
2026.03.20	00:20:23.408	157.624				2
2026.03.20	00:20:35.130	157.623				2
2026.03.20	00:20:35.731	157.620	157.689			6
2026.03.20	00:20:39.639	157.621				2
2026.03.20	00:20:52.893	157.620				2
2026.03.20	00:20:57.705	157.619				2
2026.03.20	00:21:00.112	157.619				2
2026.03.20	00:21:03.419	157.621				2
2026.03.20	00:21:04.922	157.609				2
2026.03.20	00:21:17.259	157.617				2
2026.03.20	00:21:23.581	157.606				2
2026.03.20	00:21:30.799		157.686			4
2026.03.20	00:21:32.904	157.604				2
2026.03.20	00:21:33.205	157.605				2
2026.03.20	00:21:53.363	157.631	157.688			6
2026.03.20	00:21:53.663	157.601				2
2026.03.20	00:21:54.563	157.610				2
2026.03.20	00:21:57.278	157.609				2
2026.03.20	00:22:00.284	157.606				2
2026.03.20	00:22:00.584	157.605				2
2026.03.20	00:22:02.686	157.608				2
2026.03.20	00:22:06.593	157.607				2
2026.03.20	00:22:08.395	157.605				2
2026.03.20	00:22:12.901	157.603				2
2026.03.20	00:22:13.203	157.625	157.706			6
2026.03.20	00:22:13.803	157.623				2
2026.03.20	00:22:14.104		157.685			4
2026.03.20	00:22:17.407	157.625				2
2026.03.20	00:22:18.609	157.627				2
2026.03.20	00:22:19.812	157.626				2
2026.03.20	00:22:21.321	157.638				2
2026.03.20	00:22:21.623	157.640	157.690			6
2026.03.20	00:22:25.534	157.641				2
2026.03.20	00:22:30.054	157.644	157.711			6
2026.03.20	00:22:33.056	157.687	157.722			6
2026.03.20	00:22:36.637	157.708	157.733			6
2026.03.20	00:22:37.269		157.732			4
2026.03.20	00:22:38.629		157.730			4
2026.03.20	00:22:39.656		157.729			4
2026.03.20	00:22:41.303		157.728			4
2026.03.20	00:22:42.045		157.727			4
2026.03.20	00:22:44.082		157.729			4
2026.03.20	00:22:45.279		157.728			4
2026.03.20	00:22:46.049		157.727			4
2026.03.20	00:22:47.296	157.678	157.762			6
2026.03.20	00:22:47.596		157.761			4
2026.03.20	00:22:48.197		157.725			4
2026.03.20	00:22:50.456	157.679				2
2026.03.20	00:22:51.382	157.707	157.742			6
2026.03.20	00:22:54.741		157.743			4
2026.03.20	00:22:56.497		157.744			4
2026.03.20	00:22:57.998		157.745			4
2026.03.20	00:23:00.174	157.707				2
2026.03.20	00:23:00.474	157.708				2
2026.03.20	00:23:00.775		157.744			4
2026.03.20	00:23:01.543		157.743			4
2026.03.20	00:23:01.843		157.744			4
2026.03.20	00:23:15.844	157.709				2
2026.03.20	00:23:19.660	157.710				2
2026.03.20	00:23:20.978		157.743			4
2026.03.20	00:23:21.893	157.708				2
2026.03.20	00:23:23.754	157.706				2
2026.03.20	00:23:38.156		157.745			4
2026.03.20	00:23:40.262	157.707				2
2026.03.20	00:23:41.722	157.706				2
2026.03.20	00:23:47.115	157.708	157.746			6
2026.03.20	00:23:47.415	157.706				2
2026.03.20	00:23:51.355	157.707				2
2026.03.20	00:23:52.562	157.706				2
2026.03.20	00:23:54.204	157.707				2
2026.03.20	00:24:00.222	157.707				2
2026.03.20	00:24:01.728	157.706				2
2026.03.20	00:24:05.454	157.707				2
2026.03.20	00:24:06.358	157.708				2
2026.03.20	00:24:06.958		157.747			4
2026.03.20	00:24:12.978	157.709				2
2026.03.20	00:24:16.892	157.710				2
2026.03.20	00:24:17.192	157.711	157.748			6
2026.03.20	00:24:17.493	157.709				2
2026.03.20	00:24:18.694	157.710				2
2026.03.20	00:24:22.305	157.719	157.756			6
2026.03.20	00:24:22.605	157.718				2
2026.03.20	00:24:33.518	157.713	157.752			6
2026.03.20	00:24:34.421	157.712				2
2026.03.20	00:24:44.951	157.713				2
2026.03.20	00:24:50.380	157.712				2
2026.03.20	00:24:59.408	157.711				2
2026.03.20	00:25:00.009	157.711				2
2026.03.20	00:25:00.310		157.751			4
2026.03.20	00:25:04.517	157.710				2
2026.03.20	00:25:13.540	157.712				2
2026.03.20	00:25:15.050	157.710				2
2026.03.20	00:25:17.456	157.711				2
2026.03.20	00:25:22.571	157.710				2
2026.03.20	00:25:22.874	157.711				2
2026.03.20	00:25:25.583	157.712	157.750			6
2026.03.20	00:25:27.991	157.713				2
2026.03.20	00:25:28.594	157.714				2
2026.03.20	00:25:31.600	157.713				2
2026.03.20	00:25:32.503	157.712				2
2026.03.20	00:25:33.405		157.751			4
2026.03.20	00:25:36.412	157.713				2
2026.03.20	00:25:38.818	157.712				2
2026.03.20	00:25:40.325	157.713				2
2026.03.20	00:25:41.228	157.712	157.749			6
2026.03.20	00:25:48.446	157.713				2
2026.03.20	00:25:51.455	157.712				2
2026.03.20	00:26:00.178	157.713				2
2026.03.20	00:26:01.383		157.751			4
2026.03.20	00:26:06.799	157.711				2
2026.03.20	00:26:07.099	157.712				2
2026.03.20	00:26:08.900	157.709				2
2026.03.20	00:26:09.203	157.710				2
2026.03.20	00:26:09.503	157.711				2
2026.03.20	00:26:09.804	157.707				2
2026.03.20	00:26:15.059	157.708				2
2026.03.20	00:26:16.263	157.707				2
2026.03.20	00:26:16.865	157.709				2
2026.03.20	00:26:17.167	157.708				2
2026.03.20	00:26:21.092	157.709				2
2026.03.20	00:26:21.393	157.708				2
2026.03.20	00:26:21.995	157.709	157.748			6
2026.03.20	00:26:38.288	157.714				2
2026.03.20	00:26:38.590	157.709				2
2026.03.20	00:26:42.977	157.712				2
2026.03.20	00:26:43.285		157.750			4
2026.03.20	00:26:45.093	157.711				2
2026.03.20	00:26:50.218		157.749			4
2026.03.20	00:27:00.140	157.711				2
2026.03.20	00:27:03.461	157.713				2
2026.03.20	00:27:06.474	157.711				2
2026.03.20	00:27:08.280	157.710				2
2026.03.20	00:27:10.686	157.712				2
2026.03.20	00:27:13.694	157.713				2
2026.03.20	00:27:16.697	157.712				2
2026.03.20	00:27:19.406	157.711				2
2026.03.20	00:27:20.007		157.748			4
2026.03.20	00:27:24.822	157.712				2
2026.03.20	00:27:29.037	157.724	157.757			6
2026.03.20	00:27:40.255	157.740	157.806			6
2026.03.20	00:27:41.456	157.741	157.807			6
2026.03.20	00:27:44.762	157.742				2
2026.03.20	00:27:45.362	157.741				2
2026.03.20	00:27:45.964	157.740	157.813			6
2026.03.20	00:27:47.163	157.744				2
2026.03.20	00:27:49.270	157.745				2
2026.03.20	00:27:49.570	157.742	157.815			6
2026.03.20	00:27:54.997	157.741				2
2026.03.20	00:27:56.197	157.742	157.814			6
2026.03.20	00:27:59.504	157.744				2
2026.03.20	00:28:00.107	157.744				2
2026.03.20	00:28:00.408	157.743				2
2026.03.20	00:28:02.818	157.744	157.813			6
2026.03.20	00:28:05.525	157.745				2
2026.03.20	00:28:09.732	157.746	157.812			6
2026.03.20	00:28:11.536	157.747	157.813			6
2026.03.20	00:28:16.647	157.748	157.814			6
2026.03.20	00:28:18.752	157.747	157.813			6
2026.03.20	00:28:19.052	157.759	157.825			6
2026.03.20	00:28:19.654	157.756	157.822			6
2026.03.20	00:28:23.861	157.759				2
2026.03.20	00:28:24.462	157.762	157.825			6
2026.03.20	00:28:26.270	157.760				2
2026.03.20	00:28:30.635		157.824			4
2026.03.20	00:28:30.938		157.825			4
2026.03.20	00:28:33.963	157.768	157.830			6
2026.03.20	00:28:34.584	157.767				2
2026.03.20	00:28:34.888	157.768				2
2026.03.20	00:28:55.060		157.835			4
2026.03.20	00:28:55.962		157.830			4
2026.03.20	00:28:56.262	157.777	157.853			6
2026.03.20	00:29:03.054	157.777				2
2026.03.20	00:29:11.155	157.785	157.856			6
2026.03.20	00:29:13.260	157.783	157.854			6
2026.03.20	00:29:21.355		157.850			4
2026.03.20	00:29:33.954	157.784				2
2026.03.20	00:29:37.160		157.845			4
2026.03.20	00:29:41.403	157.779	157.841			6
2026.03.20	00:29:45.318	157.778	157.840			6
2026.03.20	00:29:45.619	157.776				2
2026.03.20	00:29:45.918	157.784	157.838			6
2026.03.20	00:29:48.627	157.783	157.834			6
2026.03.20	00:29:50.129	157.754	157.829			6
2026.03.20	00:29:50.429	157.756				2
2026.03.20	00:29:50.729	157.753				2
2026.03.20	00:29:58.561	157.752	157.832			6
2026.03.20	00:30:00.068	157.762	157.828			6
2026.03.20	00:30:03.372	157.757	157.826			6
2026.03.20	00:30:03.972	157.758				2
2026.03.20	00:30:04.879	157.762				2
2026.03.20	00:30:08.498	157.756	157.819			6
2026.03.20	00:30:10.304	157.757	157.825			6
2026.03.20	00:30:10.604	157.753				2
2026.03.20	00:30:12.408	157.755				2
2026.03.20	00:30:13.009	157.754				2
2026.03.20	00:30:17.820		157.828			4
2026.03.20	00:30:19.323	157.733	157.783			6
2026.03.20	00:30:19.979	157.732				2
2026.03.20	00:30:20.281		157.782			4
2026.03.20	00:30:20.783	157.733				2
2026.03.20	00:30:30.174		157.783			4
2026.03.20	00:30:40.174		157.782			4
2026.03.20	00:30:42.359		157.784			4
2026.03.20	00:30:46.266	157.732				2
2026.03.20	00:31:00.175	157.732				2
2026.03.20	00:31:30.174		157.783			4
2026.03.20	00:31:42.742	157.733				2
2026.03.20	00:31:46.439	157.732				2
2026.03.20	00:32:00.175	157.732				2
2026.03.20	00:32:18.628	157.733				2
2026.03.20	00:32:18.928	157.732				2
2026.03.20	00:32:19.980	157.733				2
2026.03.20	00:32:29.288	157.734	157.779			6
2026.03.20	00:32:29.588	157.735				2
2026.03.20	00:32:30.175		157.778			4
2026.03.20	00:32:30.778	157.732				2
2026.03.20	00:32:31.385	157.733				2
2026.03.20	00:32:31.686	157.734				2
2026.03.20	00:32:31.990	157.732				2
2026.03.20	00:32:32.291	157.733	157.779			6
2026.03.20	00:32:32.592	157.734				2
2026.03.20	00:32:36.361	157.733				2
2026.03.20	00:32:39.062	157.732				2
2026.03.20	00:32:39.362	157.733				2
2026.03.20	00:32:39.662	157.731	157.778			6
2026.03.20	00:32:39.963	157.732	157.779			6
2026.03.20	00:32:41.469	157.733				2
2026.03.20	00:32:44.641	157.732				2
2026.03.20	00:32:45.241		157.778			4
2026.03.20	00:32:47.301	157.730	157.777			6
2026.03.20	00:32:51.543		157.779			4
2026.03.20	00:32:51.843	157.731	157.780			6
2026.03.20	00:32:56.228	157.729				2
2026.03.20	00:32:57.613	157.730				2
2026.03.20	00:32:59.488	157.732				2
2026.03.20	00:33:00.175	157.732				2
2026.03.20	00:33:00.475	157.730				2
2026.03.20	00:33:15.659	157.731				2
2026.03.20	00:33:20.156	157.730				2
2026.03.20	00:33:20.456	157.731				2
2026.03.20	00:33:22.920	157.732				2
2026.03.20	00:33:23.220	157.731				2
2026.03.20	00:33:27.350	157.732				2
2026.03.20	00:33:32.905	157.731				2
2026.03.20	00:33:33.205	157.730				2
2026.03.20	00:33:33.508	157.732				2
2026.03.20	00:33:33.809		157.779			4
2026.03.20	00:33:34.662	157.733				2
2026.03.20	00:33:42.442		157.765			4
2026.03.20	00:33:42.746		157.779			4
2026.03.20	00:33:43.047		157.765			4
2026.03.20	00:33:43.347		157.779			4
2026.03.20	00:33:43.647		157.765			4
2026.03.20	00:33:43.973		157.779			4
2026.03.20	00:33:44.273		157.765			4
2026.03.20	00:33:44.576		157.779			4
2026.03.20	00:33:44.876		157.765			4
2026.03.20	00:33:45.182		157.779			4
2026.03.20	00:33:45.483		157.765			4
2026.03.20	00:33:45.783		157.779			4
2026.03.20	00:33:58.616	157.731				2
2026.03.20	00:33:58.917	157.732				2
2026.03.20	00:34:00.055	157.732				2
2026.03.20	00:34:09.905		157.766			4
2026.03.20	00:34:10.205		157.779			4
2026.03.20	00:34:10.505		157.766			4
2026.03.20	00:34:10.806		157.779			4
2026.03.20	00:34:11.106		157.766			4
2026.03.20	00:34:11.408		157.779			4
2026.03.20	00:34:11.708		157.766			4
2026.03.20	00:34:12.009		157.779			4
2026.03.20	00:34:12.309		157.766			4
2026.03.20	00:34:12.609		157.779			4
2026.03.20	00:34:12.909		157.766			4
2026.03.20	00:34:13.210		157.779			4
2026.03.20	00:34:19.856	157.733				2
2026.03.20	00:34:22.082	157.732				2
2026.03.20	00:34:22.986	157.731				2
2026.03.20	00:34:23.597	157.733				2
2026.03.20	00:34:34.547	157.732				2
2026.03.20	00:34:34.850	157.730				2
2026.03.20	00:34:35.152	157.732				2
2026.03.20	00:34:40.290		157.778			4
2026.03.20	00:34:47.220	157.731				2
2026.03.20	00:34:48.122	157.730				2
2026.03.20	00:34:48.423	157.731				2
2026.03.20	00:34:57.433	157.732				2
2026.03.20	00:35:00.174	157.732				2
2026.03.20	00:35:07.447	157.734				2
2026.03.20	00:35:07.747	157.732	157.779			6
2026.03.20	00:35:08.049	157.733				2
2026.03.20	00:35:08.352	157.732				2
2026.03.20	00:35:17.448	157.733				2
2026.03.20	00:35:17.753	157.731				2
2026.03.20	00:35:18.661	157.730				2
2026.03.20	00:35:18.961	157.731				2
2026.03.20	00:35:19.983	157.733				2
2026.03.20	00:35:20.285		157.778			4
2026.03.20	00:35:28.025	157.739	157.779			6
2026.03.20	00:35:30.174		157.778			4
2026.03.20	00:35:32.039	157.742				2
2026.03.20	00:35:34.556	157.743				2
2026.03.20	00:35:37.869	157.744				2
2026.03.20	00:35:42.732	157.743				2
2026.03.20	00:35:53.081	157.744				2
2026.03.20	00:35:57.731	157.743				2
2026.03.20	00:36:00.174	157.743				2
2026.03.20	00:36:07.896	157.744				2
2026.03.20	00:36:28.027	157.742				2
2026.03.20	00:36:28.872		157.780			4
2026.03.20	00:36:31.192	157.743				2
2026.03.20	00:36:37.923	157.744				2
2026.03.20	00:36:52.738	157.745				2
2026.03.20	00:37:00.055	157.745				2
2026.03.20	00:37:00.354	157.744	157.779			6
2026.03.20	00:37:12.731	157.742				2
2026.03.20	00:37:22.766	157.743				2
2026.03.20	00:37:29.988		157.778			4
2026.03.20	00:37:31.439	157.744				2
2026.03.20	00:37:31.740	157.743				2
2026.03.20	00:37:34.558		157.779			4
2026.03.20	00:37:42.732	157.742				2
2026.03.20	00:37:49.718	157.743				2
2026.03.20	00:37:52.797	157.744				2
2026.03.20	00:38:00.163	157.744	157.777			6
2026.03.20	00:38:12.732	157.743				2
2026.03.20	00:38:13.034		157.778			4
2026.03.20	00:38:20.157	157.744				2
2026.03.20	00:38:22.822	157.745				2
2026.03.20	00:38:23.122		157.777			4
2026.03.20	00:38:27.732	157.744				2
2026.03.20	00:38:38.156	157.745				2
2026.03.20	00:38:42.732	157.744				2
2026.03.20	00:38:52.850	157.745				2
2026.03.20	00:39:00.954	157.745				2
2026.03.20	00:39:14.839	157.743				2
2026.03.20	00:39:21.244	157.745				2
2026.03.20	00:39:21.544	157.747				2
2026.03.20	00:39:23.216		157.775			4
2026.03.20	00:39:33.289		157.774			4
2026.03.20	00:39:34.562		157.775			4
2026.03.20	00:39:35.564	157.737				2
2026.03.20	00:39:35.866	157.762	157.781			6
2026.03.20	00:39:39.423		157.782			4
2026.03.20	00:39:40.835		157.781			4
2026.03.20	00:39:45.699	157.764				2
2026.03.20	00:39:46.000		157.783			4
2026.03.20	00:39:50.567	157.762				2
2026.03.20	00:39:50.872		157.782			4
2026.03.20	00:39:52.554	157.731	157.772			6
2026.03.20	00:39:52.855	157.728	157.770			6
2026.03.20	00:39:53.158	157.726	157.768			6
2026.03.20	00:39:58.344	157.728				2
2026.03.20	00:39:58.646	157.725				2
2026.03.20	00:40:03.314	157.725				2
2026.03.20	00:40:11.056	157.733	157.771			6
2026.03.20	00:40:12.179	157.735				2
2026.03.20	00:40:12.480	157.734				2
2026.03.20	00:40:13.080	157.735				2
2026.03.20	00:40:26.881	157.734				2
2026.03.20	00:40:29.798		157.831			4
2026.03.20	00:40:30.099	157.736				2
2026.03.20	00:40:30.399	157.739				2
2026.03.20	00:40:30.700		157.811			4
2026.03.20	00:40:30.999	157.741				2
2026.03.20	00:40:31.902	157.739				2
2026.03.20	00:40:33.105	157.738				2
2026.03.20	00:40:33.405	157.740				2
2026.03.20	00:40:34.305	157.741				2
2026.03.20	00:40:36.111	157.740				2
2026.03.20	00:40:37.013	157.739				2
2026.03.20	00:40:37.317	157.740				2
2026.03.20	00:40:37.616	157.739				2
2026.03.20	00:40:38.818	157.738				2
2026.03.20	00:40:39.118	157.740				2
2026.03.20	00:40:39.718	157.741				2
2026.03.20	00:40:40.622	157.740				2
2026.03.20	00:40:41.222	157.742				2
2026.03.20	00:40:41.525	157.743				2
2026.03.20	00:40:41.825	157.741				2
2026.03.20	00:40:42.126	157.744				2
2026.03.20	00:40:43.329	157.742				2
2026.03.20	00:40:43.929	157.744				2
2026.03.20	00:40:45.731	157.745				2
2026.03.20	00:40:46.933	157.742	157.790			6
2026.03.20	00:40:48.438	157.741				2
2026.03.20	00:40:50.547	157.742				2
2026.03.20	00:40:58.072	157.735	157.780			6
2026.03.20	00:41:00.193	157.735	157.779			6
2026.03.20	00:41:00.494		157.778			4
2026.03.20	00:41:01.996	157.734				2
2026.03.20	00:41:03.198	157.735				2
2026.03.20	00:41:10.407	157.734	157.777			6
2026.03.20	00:41:11.309	157.735				2
2026.03.20	00:41:15.523	157.734				2
2026.03.20	00:41:17.629	157.738	157.781			6
2026.03.20	00:41:20.029	157.739				2
2026.03.20	00:41:20.631	157.744	157.782			6
2026.03.20	00:41:21.028		157.781			4
2026.03.20	00:41:30.594	157.760				2
2026.03.20	00:41:30.894	157.764				2
2026.03.20	00:41:35.557	157.760				2
2026.03.20	00:41:35.858	157.745	157.783			6
2026.03.20	00:41:41.275	157.746				2
2026.03.20	00:41:42.780		157.784			4
2026.03.20	00:41:46.088	157.764	157.783			6
2026.03.20	00:41:47.797		157.781			4
2026.03.20	00:41:48.097	157.762	157.823			6
2026.03.20	00:41:48.397		157.822			4
2026.03.20	00:41:49.377		157.823			4
2026.03.20	00:41:50.281	157.763				2
2026.03.20	00:41:51.786	157.762				2
2026.03.20	00:42:00.205	157.763				2
2026.03.20	00:42:39.023		157.822			4
2026.03.20	00:42:49.240	157.764	157.823			6
2026.03.20	00:42:52.555	157.795	157.838			6
2026.03.20	00:42:53.458	157.767	157.839			6
2026.03.20	00:42:53.758	157.765	157.836			6
2026.03.20	00:42:54.058	157.767				2
2026.03.20	00:42:57.066	157.766	157.830			6
2026.03.20	00:43:00.078	157.766				2
2026.03.20	00:43:04.890	157.767				2
2026.03.20	00:43:05.192	157.766				2
2026.03.20	00:43:05.493	157.767	157.821			6
2026.03.20	00:43:08.198	157.768	157.789			6
2026.03.20	00:43:08.498	157.762	157.792			6
2026.03.20	00:43:08.909	157.774				2
2026.03.20	00:43:09.209	157.756				2
2026.03.20	00:43:27.573	157.760				2
2026.03.20	00:43:32.268	157.756				2
2026.03.20	00:43:42.315	157.760				2
2026.03.20	00:43:50.174		157.791			4
2026.03.20	00:44:00.174	157.760				2
2026.03.20	00:44:08.148		157.792			4
2026.03.20	00:44:19.988		157.791			4
2026.03.20	00:44:38.670		157.793			4
2026.03.20	00:44:44.596		157.791			4
2026.03.20	00:44:44.897	157.757				2
2026.03.20	00:44:54.783	157.760				2
2026.03.20	00:44:55.085	157.757	157.793			6
2026.03.20	00:45:00.175	157.757				2
2026.03.20	00:45:03.056	157.753	157.819			6
2026.03.20	00:45:06.664	157.757	157.792			6
2026.03.20	00:45:06.968	157.758	157.793			6
2026.03.20	00:45:08.151		157.791			4
2026.03.20	00:45:09.954	157.757				2
2026.03.20	00:45:20.008	157.758				2
2026.03.20	00:46:00.054	157.758				2
2026.03.20	00:46:08.151		157.791			4
2026.03.20	00:47:00.174	157.758				2
2026.03.20	00:47:03.017	157.752	157.818			6
2026.03.20	00:47:06.321	157.757	157.790			6
2026.03.20	00:47:06.921	157.758	157.791			6
2026.03.20	00:47:16.423		157.790			4
2026.03.20	00:47:40.071	157.759				2
2026.03.20	00:47:51.355	157.758				2
2026.03.20	00:47:52.806	157.759				2
2026.03.20	00:47:54.585	157.760				2
2026.03.20	00:48:00.175	157.760				2
2026.03.20	00:48:08.158		157.791			4
2026.03.20	00:48:40.457	157.766	157.792			6
2026.03.20	00:48:41.224		157.793			4
2026.03.20	00:48:50.459	157.761				2
2026.03.20	00:49:00.612	157.761				2
2026.03.20	00:49:09.653	157.760				2
2026.03.20	00:49:18.654	157.761				2
2026.03.20	00:49:24.055	157.760				2
2026.03.20	00:49:32.748	157.761				2
2026.03.20	00:49:43.615		157.793			4
2026.03.20	00:49:45.832	157.763				2
2026.03.20	00:49:47.771	157.764	157.792			6
2026.03.20	00:49:51.821	157.765				2
2026.03.20	00:50:00.175	157.765				2
2026.03.20	00:50:00.888	157.764				2
2026.03.20	00:50:01.190		157.791			4
2026.03.20	00:50:01.868	157.763				2
2026.03.20	00:50:02.168	157.761	157.792			6
2026.03.20	00:50:06.824	157.765				2
2026.03.20	00:50:17.083	157.761				2
2026.03.20	00:50:33.654	157.762				2
2026.03.20	00:50:39.655	157.761				2
2026.03.20	00:50:40.672		157.791			4
2026.03.20	00:50:50.232	157.763				2
2026.03.20	00:51:01.028	157.763				2
2026.03.20	00:51:11.027		157.790			4
2026.03.20	00:51:23.435		157.792			4
2026.03.20	00:51:24.954	157.762				2
2026.03.20	00:51:33.456	157.763				2
2026.03.20	00:52:01.878	157.763	157.793			6
2026.03.20	00:52:14.279		157.791			4
2026.03.20	00:52:16.555	157.764				2
2026.03.20	00:52:20.062	157.763				2
2026.03.20	00:52:27.341	157.764				2
2026.03.20	00:53:00.174	157.764				2
2026.03.20	00:53:01.879		157.793			4
2026.03.20	00:53:23.245	157.763				2
2026.03.20	00:53:36.355	157.764				2
2026.03.20	00:53:47.683	157.763	157.788			6
2026.03.20	00:54:00.355	157.763				2
2026.03.20	00:54:49.192		157.788			4
2026.03.20	00:55:01.958	157.763				2
2026.03.20	00:55:09.054		157.790			4
2026.03.20	00:55:09.657		157.789			4
2026.03.20	00:55:20.040		157.787			4
2026.03.20	00:55:29.069		157.789			4
2026.03.20	00:55:54.033	157.762				2
2026.03.20	00:55:56.136	157.761				2
2026.03.20	00:56:00.042	157.761				2
2026.03.20	00:56:09.671		157.790			4
2026.03.20	00:56:20.224		157.788			4
2026.03.20	00:56:51.211		157.791			4
2026.03.20	00:56:51.812	157.760				2
2026.03.20	00:56:52.114		157.790			4
2026.03.20	00:56:56.921	157.761				2
2026.03.20	00:57:00.231	157.761				2
2026.03.20	00:57:00.532	157.760				2
2026.03.20	00:57:09.244	157.759				2
2026.03.20	00:57:52.217		157.790			4
2026.03.20	00:58:00.040	157.759				2
2026.03.20	00:58:05.446	157.763	157.828			6
2026.03.20	00:58:05.748	157.766	157.829			6
2026.03.20	00:58:10.866	157.765				2
2026.03.20	00:58:11.167	157.764				2
2026.03.20	00:58:12.677	157.765				2
2026.03.20	00:58:12.977	157.764				2
2026.03.20	00:58:13.581	157.763				2
2026.03.20	00:58:22.907	157.762				2
2026.03.20	00:58:23.208	157.763				2
2026.03.20	00:58:24.417	157.762				2
2026.03.20	00:58:43.367		157.817			4
2026.03.20	00:58:55.096	157.761				2
2026.03.20	00:59:00.211	157.761				2
2026.03.20	00:59:08.936	157.762				2
2026.03.20	00:59:09.541		157.816			4
2026.03.20	00:59:09.844	157.761				2
2026.03.20	00:59:17.370		157.817			4
2026.03.20	00:59:18.569		157.815			4
2026.03.20	00:59:23.384	157.762	157.816			6
2026.03.20	00:59:23.690		157.815			4
2026.03.20	00:59:27.894		157.817			4
2026.03.20	00:59:28.197		157.815			4
2026.03.20	00:59:29.099	157.768	157.818			6
2026.03.20	00:59:30.902		157.816			4
2026.03.20	00:59:34.808	157.769	157.821			6
2026.03.20	00:59:36.306		157.820			4
2026.03.20	00:59:39.309		157.821			4
2026.03.20	00:59:40.214	157.768				2
2026.03.20	00:59:44.121		157.819			4
2026.03.20	00:59:45.922		157.821			4
2026.03.20	00:59:47.721		157.820			4
2026.03.20	00:59:48.929		157.821			4
2026.03.20	00:59:52.833		157.820			4
2026.03.20	00:59:53.135	157.767				2
2026.03.20	00:59:54.040		157.821			4
2026.03.20	00:59:56.443	157.768				2
2026.03.20	00:59:58.255	157.766	157.820			6
2026.03.20	01:00:00.058	157.766	157.819			6
2026.03.20	01:00:00.359	157.762	157.809			6
2026.03.20	01:00:00.665		157.807			4
2026.03.20	01:00:00.965		157.809			4
2026.03.20	01:00:01.259	157.770	157.810			6
2026.03.20	01:00:01.559	157.766	157.808			6
2026.03.20	01:00:01.858	157.760	157.801			6
2026.03.20	01:00:02.164		157.803			4
2026.03.20	01:00:02.460	157.766	157.779			6
2026.03.20	01:00:02.760	157.748	157.791			6
2026.03.20	01:00:03.060	157.747	157.792			6
2026.03.20	01:00:03.365		157.791			4
2026.03.20	01:00:03.662	157.746	157.792			6
2026.03.20	01:00:03.960		157.790			4
2026.03.20	01:00:04.562	157.747	157.793			6
2026.03.20	01:00:05.462	157.744	157.794			6
2026.03.20	01:00:06.062	157.745	157.793			6
2026.03.20	01:00:06.664		157.790			4
2026.03.20	01:00:07.265	157.746				2
2026.03.20	01:00:07.569	157.764	157.769			6
2026.03.20	01:00:08.165	157.747	157.801			6
2026.03.20	01:00:08.465		157.802			4
2026.03.20	01:00:09.071		157.804			4
2026.03.20	01:00:09.673	157.753	157.797			6
2026.03.20	01:00:09.972	157.747	157.803			6
2026.03.20	01:00:10.273		157.802			4
2026.03.20	01:00:10.571	157.746				2
2026.03.20	01:00:12.376	157.747				2
2026.03.20	01:00:13.879		157.804			4
2026.03.20	01:00:15.682	157.746	157.805			6
2026.03.20	01:00:16.283	157.749	157.808			6
2026.03.20	01:00:16.582	157.753	157.793			6
2026.03.20	01:00:16.886		157.794			4
2026.03.20	01:00:17.185		157.795			4
2026.03.20	01:00:17.484		157.794			4
2026.03.20	01:00:18.387	157.769	157.773			6
2026.03.20	01:00:18.990	157.747	157.803			6
2026.03.20	01:00:19.293		157.801			4
2026.03.20	01:00:19.598		157.802			4
2026.03.20	01:00:20.199		157.801			4
2026.03.20	01:00:21.097	157.756	157.776			6
2026.03.20	01:00:21.396	157.757	157.780			6
2026.03.20	01:00:22.898		157.778			4
2026.03.20	01:00:24.699		157.780			4
2026.03.20	01:00:31.610	157.777	157.782			6
2026.03.20	01:00:31.914	157.778	157.783			6
2026.03.20	01:00:32.212	157.774	157.779			6
2026.03.20	01:00:34.013	157.773	157.778			6
2026.03.20	01:00:34.316	157.771	157.776			6
2026.03.20	01:00:34.613	157.770	157.775			6
2026.03.20	01:00:35.517	157.771	157.776			6
2026.03.20	01:00:37.014	157.770	157.775			6
2026.03.20	01:00:38.216	157.771	157.776			6
2026.03.20	01:00:39.419	157.770	157.775			6
2026.03.20	01:00:40.319	157.772	157.773			6
2026.03.20	01:00:40.919	157.773	157.774			6
2026.03.20	01:00:41.220	157.772	157.773			6
2026.03.20	01:00:45.728	157.773	157.774			6
2026.03.20	01:00:46.024	157.772	157.773			6
2026.03.20	01:00:46.626	157.773	157.774			6
2026.03.20	01:00:48.126	157.772	157.773			6
2026.03.20	01:00:59.241	157.771	157.772			6
2026.03.20	01:01:00.137	157.773	157.774			6
2026.03.20	01:01:00.438	157.769	157.770			6
2026.03.20	01:01:01.036	157.770	157.771			6
2026.03.20	01:01:03.138	157.768	157.769			6
2026.03.20	01:01:03.438	157.763	157.764			6
2026.03.20	01:01:04.641	157.766	157.767			6
2026.03.20	01:01:04.939	157.767	157.768			6
2026.03.20	01:01:06.445	157.764	157.765			6
2026.03.20	01:01:09.146	157.763	157.764			6
2026.03.20	01:01:10.644	157.764	157.765			6
2026.03.20	01:01:10.944	157.763	157.764			6
2026.03.20	01:01:11.545	157.762	157.763			6
2026.03.20	01:01:11.846	157.761	157.762			6
2026.03.20	01:01:12.150	157.762	157.763			6
2026.03.20	01:01:16.350	157.760	157.761			6
2026.03.20	01:01:16.650	157.755	157.756			6
2026.03.20	01:01:16.952	157.754	157.755			6
2026.03.20	01:01:17.255	157.755	157.756			6
2026.03.20	01:01:17.552	157.754	157.755			6
2026.03.20	01:01:25.959	157.753	157.754			6
2026.03.20	01:01:27.163	157.752	157.753			6
2026.03.20	01:01:29.264	157.751	157.752			6
2026.03.20	01:01:33.466	157.752	157.753			6
2026.03.20	01:01:41.277	157.751	157.752			6
2026.03.20	01:01:42.779	157.752	157.753			6
2026.03.20	01:01:43.380	157.751	157.752			6
2026.03.20	01:01:51.796	157.737	157.738			6
2026.03.20	01:01:53.593	157.738	157.739			6
2026.03.20	01:01:53.893	157.729	157.730			6
2026.03.20	01:01:54.194	157.728	157.729			6
2026.03.20	01:01:54.496	157.727	157.728			6
2026.03.20	01:01:55.701	157.726	157.727			6
2026.03.20	01:01:59.899	157.727	157.728			6
2026.03.20	01:02:00.201	157.727				2
2026.03.20	01:02:00.501	157.723	157.724			6
2026.03.20	01:02:04.104	157.739	157.740			6
2026.03.20	01:02:04.404	157.740	157.741			6
2026.03.20	01:02:04.704	157.741	157.742			6
2026.03.20	01:02:05.604	157.740	157.741			6
2026.03.20	01:02:06.810	157.739	157.740			6
2026.03.20	01:02:13.120	157.736	157.737			6
2026.03.20	01:02:13.422	157.738	157.739			6
2026.03.20	01:02:15.221	157.737	157.738			6
2026.03.20	01:02:16.726	157.738	157.739			6
2026.03.20	01:02:17.026	157.736	157.737			6
2026.03.20	01:02:17.326	157.737	157.738			6
2026.03.20	01:02:19.430	157.727	157.728			6
2026.03.20	01:02:35.048	157.728	157.729			6
2026.03.20	01:02:35.344	157.737	157.738			6
2026.03.20	01:02:36.246	157.736	157.737			6
2026.03.20	01:02:36.548	157.738	157.739			6
2026.03.20	01:02:36.847	157.739	157.740			6
2026.03.20	01:02:37.150	157.735	157.736			6
2026.03.20	01:02:37.448	157.739	157.740			6
2026.03.20	01:02:38.049	157.735	157.736			6
2026.03.20	01:02:38.349	157.739	157.740			6
2026.03.20	01:02:38.652	157.738	157.739			6
2026.03.20	01:02:38.949	157.739	157.740			6
2026.03.20	01:02:40.755	157.737	157.738			6
2026.03.20	01:02:41.051	157.739	157.740			6
2026.03.20	01:02:42.856	157.737	157.738			6
2026.03.20	01:02:44.366	157.738	157.739			6
2026.03.20	01:02:44.663	157.737	157.738			6
2026.03.20	01:02:47.364	157.738	157.739			6
2026.03.20	01:02:47.965	157.737	157.738			6
2026.03.20	01:02:48.266	157.734	157.735			6
2026.03.20	01:02:48.567	157.737	157.738			6
2026.03.20	01:02:49.469	157.738	157.739			6
2026.03.20	01:02:53.980	157.737	157.738			6
2026.03.20	01:02:57.586	157.736	157.737			6
2026.03.20	01:02:58.489	157.735	157.736			6
2026.03.20	01:02:59.389	157.733	157.734			6
2026.03.20	01:02:59.689	157.734	157.735			6
2026.03.20	01:02:59.988	157.733	157.734			6
2026.03.20	01:03:00.290	157.726	157.727			6
2026.03.20	01:03:00.588	157.729	157.730			6
2026.03.20	01:03:01.191	157.731	157.732			6
2026.03.20	01:03:01.795	157.732	157.733			6
2026.03.20	01:03:02.696	157.733	157.734			6
2026.03.20	01:03:03.300	157.732	157.733			6
2026.03.20	01:03:03.597	157.734	157.735			6
2026.03.20	01:03:04.502	157.733	157.734			6
2026.03.20	01:03:07.804	157.732	157.733			6
2026.03.20	01:03:08.705	157.733	157.734			6
2026.03.20	01:03:09.008	157.732	157.733			6
2026.03.20	01:03:12.312	157.731	157.732			6
2026.03.20	01:03:13.813	157.730	157.731			6
2026.03.20	01:03:27.336	157.729	157.730			6
2026.03.20	01:03:33.343	157.728	157.729			6
2026.03.20	01:03:35.141	157.729	157.730			6
2026.03.20	01:03:36.947	157.728	157.729			6
2026.03.20	01:03:55.581	157.729	157.730			6
2026.03.20	01:03:56.180	157.728	157.729			6
2026.03.20	01:04:00.100	157.728				2
2026.03.20	01:04:00.396	157.727	157.728			6
2026.03.20	01:04:04.899	157.728	157.729			6
2026.03.20	01:04:06.099	157.729	157.730			6
2026.03.20	01:04:07.304	157.728	157.729			6
2026.03.20	01:04:08.206	157.729	157.730			6
2026.03.20	01:04:08.802	157.730	157.731			6
2026.03.20	01:04:28.929	157.731	157.732			6
2026.03.20	01:04:43.647	157.730	157.731			6
2026.03.20	01:04:49.961	157.731	157.732			6
2026.03.20	01:05:00.175	157.731				2
2026.03.20	01:05:00.474	157.739	157.740			6
2026.03.20	01:05:00.781	157.740	157.741			6
2026.03.20	01:05:03.178	157.741	157.742			6
2026.03.20	01:05:04.078	157.742	157.743			6
2026.03.20	01:05:06.784	157.740	157.741			6
2026.03.20	01:05:08.287	157.741	157.742			6
2026.03.20	01:05:10.997	157.740	157.741			6
2026.03.20	01:05:17.005	157.741	157.742			6
2026.03.20	01:05:20.607	157.739	157.740			6
2026.03.20	01:05:21.211	157.738	157.739			6
2026.03.20	01:05:22.712	157.729	157.730			6
2026.03.20	01:05:23.314	157.730	157.731			6
2026.03.20	01:05:23.609	157.731	157.732			6
2026.03.20	01:05:23.910	157.730	157.731			6
2026.03.20	01:05:24.510	157.731	157.732			6
2026.03.20	01:05:26.913	157.730	157.731			6
2026.03.20	01:05:29.317	157.729	157.730			6
2026.03.20	01:05:46.145	157.730	157.731			6
2026.03.20	01:05:53.963	157.729	157.730			6
2026.03.20	01:05:55.468	157.730	157.731			6
2026.03.20	01:06:00.279	157.730				2
2026.03.20	01:06:04.493	157.729	157.730			6
2026.03.20	01:06:08.102	157.730	157.731			6
2026.03.20	01:06:10.503	157.729	157.730			6
2026.03.20	01:06:14.406	157.730	157.731			6
2026.03.20	01:06:15.910	157.731	157.732			6
2026.03.20	01:06:20.416	157.730	157.731			6
2026.03.20	01:06:25.826	157.731	157.732			6
2026.03.20	01:06:27.924	157.730	157.731			6
2026.03.20	01:06:28.527	157.731	157.732			6
2026.03.20	01:06:32.132	157.730	157.731			6
2026.03.20	01:06:34.235	157.731	157.732			6
2026.03.20	01:06:34.535	157.730	157.731			6
2026.03.20	01:06:43.248	157.708	157.709			6
2026.03.20	01:06:43.847	157.712	157.713			6
2026.03.20	01:06:44.146	157.714	157.715			6
2026.03.20	01:06:45.051	157.716	157.717			6
2026.03.20	01:06:45.951	157.715	157.716			6
2026.03.20	01:06:50.160	157.716	157.717			6
2026.03.20	01:06:53.170	157.715	157.716			6
2026.03.20	01:06:57.684	157.716	157.717			6
2026.03.20	01:07:00.091	157.716				2
2026.03.20	01:07:00.391	157.715	157.716			6
2026.03.20	01:07:02.498	157.716	157.717			6
2026.03.20	01:07:04.601	157.711	157.712			6
2026.03.20	01:07:04.903	157.713	157.714			6
2026.03.20	01:07:05.507	157.714	157.715			6
2026.03.20	01:07:44.572	157.708	157.709			6
2026.03.20	01:07:44.873	157.707	157.708			6
2026.03.20	01:07:54.200	157.706	157.707			6
2026.03.20	01:07:56.311	157.705	157.706			6
2026.03.20	01:07:57.511	157.706	157.707			6
2026.03.20	01:08:00.213	157.705	157.706			6
2026.03.20	01:08:01.112	157.715	157.716			6
2026.03.20	01:08:02.616	157.716	157.717			6
2026.03.20	01:08:15.535	157.725	157.726			6
2026.03.20	01:08:16.134	157.726	157.727			6
2026.03.20	01:08:17.334	157.727	157.728			6
2026.03.20	01:08:19.440	157.726	157.727			6
2026.03.20	01:08:22.749	157.727	157.728			6
2026.03.20	01:08:23.954	157.728	157.729			6
2026.03.20	01:08:24.254	157.727	157.728			6
2026.03.20	01:08:25.459	157.728	157.729			6
2026.03.20	01:08:28.163	157.727	157.728			6
2026.03.20	01:08:58.218	157.728	157.729			6
2026.03.20	01:09:00.027	157.728				2
2026.03.20	01:09:06.632	157.727	157.728			6
2026.03.20	01:09:06.936	157.718	157.719			6
2026.03.20	01:09:07.234	157.714	157.715			6
2026.03.20	01:09:12.337	157.715	157.716			6
2026.03.20	01:09:39.397	157.714	157.715			6
2026.03.20	01:09:43.897	157.715	157.716			6
2026.03.20	01:10:00.125	157.714	157.715			6
2026.03.20	01:10:00.430	157.715	157.716			6
2026.03.20	01:10:00.725	157.719	157.720			6
2026.03.20	01:10:01.026	157.722	157.723			6
2026.03.20	01:10:01.326	157.726	157.727			6
2026.03.20	01:10:03.128	157.727	157.728			6
2026.03.20	01:10:05.230	157.728	157.729			6
2026.03.20	01:10:06.137	157.727	157.728			6
2026.03.20	01:10:06.732	157.728	157.729			6
2026.03.20	01:10:07.335	157.727	157.728			6
2026.03.20	01:10:08.238	157.728	157.729			6
2026.03.20	01:10:15.150	157.727	157.728			6
2026.03.20	01:10:19.659	157.728	157.729			6
2026.03.20	01:10:24.467	157.727	157.728			6
2026.03.20	01:10:28.670	157.728	157.729			6
2026.03.20	01:10:31.380	157.727	157.728			6
2026.03.20	01:10:35.903	157.728	157.729			6
2026.03.20	01:10:36.798	157.727	157.728			6
2026.03.20	01:10:40.707	157.728	157.729			6
2026.03.20	01:10:41.303	157.727	157.728			6
2026.03.20	01:10:42.507	157.728	157.729			6
2026.03.20	01:10:43.717	157.737	157.738			6
2026.03.20	01:10:44.310	157.738	157.739			6
2026.03.20	01:10:44.612	157.739	157.740			6
2026.03.20	01:10:45.814	157.738	157.739			6
2026.03.20	01:10:46.717	157.739	157.740			6
2026.03.20	01:10:47.318	157.740	157.741			6
2026.03.20	01:10:50.020	157.739	157.740			6
2026.03.20	01:10:50.922	157.740	157.741			6
2026.03.20	01:10:56.631	157.738	157.739			6
2026.03.20	01:10:57.233	157.740	157.741			6
2026.03.20	01:10:59.333	157.739	157.740			6
2026.03.20	01:11:00.236	157.740	157.741			6
2026.03.20	01:11:04.754	157.739	157.740			6
2026.03.20	01:11:06.857	157.740	157.741			6
2026.03.20	01:11:07.158	157.739	157.740			6
2026.03.20	01:11:07.762	157.741	157.742			6
2026.03.20	01:11:08.065	157.750	157.751			6
2026.03.20	01:11:08.668	157.751	157.752			6
2026.03.20	01:11:09.268	157.750				2
2026.03.20	01:11:09.565	157.751	157.753			6
2026.03.20	01:11:09.864	157.750	157.752			6
2026.03.20	01:11:11.368	157.751				2
2026.03.20	01:11:20.098	157.752	157.753			6
2026.03.20	01:11:28.822	157.741	157.742			6
2026.03.20	01:11:29.126	157.740	157.741			6
2026.03.20	01:11:30.324		157.742			4
2026.03.20	01:11:35.137		157.741			4
2026.03.20	01:11:59.809	157.749	157.750			6
2026.03.20	01:12:00.110	157.750	157.751			6
2026.03.20	01:12:00.407	157.751	157.752			6
2026.03.20	01:12:03.118	157.752	157.753			6
2026.03.20	01:12:04.914	157.751	157.752			6
2026.03.20	01:12:05.218	157.752	157.753			6
2026.03.20	01:12:09.119	157.751	157.752			6
2026.03.20	01:12:10.626	157.752	157.753			6
2026.03.20	01:12:11.224	157.751	157.752			6
2026.03.20	01:12:17.235	157.752	157.753			6
2026.03.20	01:12:18.436	157.751	157.752			6
2026.03.20	01:12:19.040	157.752	157.753			6
2026.03.20	01:12:19.938	157.751	157.752			6
2026.03.20	01:12:20.239	157.752	157.753			6
2026.03.20	01:12:23.842	157.753	157.754			6
2026.03.20	01:12:24.141	157.752	157.753			6
2026.03.20	01:12:31.068	157.753	157.754			6
2026.03.20	01:12:40.094	157.755	157.756			6
2026.03.20	01:12:40.390	157.754	157.755			6
2026.03.20	01:12:41.596	157.755	157.756			6
2026.03.20	01:12:41.893	157.754	157.755			6
2026.03.20	01:12:48.203	157.755	157.756			6
2026.03.20	01:12:50.307	157.756	157.757			6
2026.03.20	01:12:58.430	157.754	157.755			6
2026.03.20	01:12:58.726	157.755	157.756			6
2026.03.20	01:13:00.230	157.755				2
2026.03.20	01:13:04.134	157.754	157.755			6
2026.03.20	01:13:05.642	157.755	157.756			6
2026.03.20	01:13:07.440	157.756	157.757			6
2026.03.20	01:13:07.739	157.755	157.756			6
2026.03.20	01:13:10.442	157.756	157.757			6
2026.03.20	01:13:10.742	157.755	157.756			6
2026.03.20	01:13:21.269	157.756	157.757			6
2026.03.20	01:13:21.868	157.755	157.756			6
2026.03.20	01:13:23.968	157.756	157.757			6
2026.03.20	01:13:28.186	157.755	157.756			6
2026.03.20	01:13:29.087	157.756	157.757			6
2026.03.20	01:13:31.196	157.757	157.758			6
2026.03.20	01:13:36.001	157.756	157.757			6
2026.03.20	01:13:36.899	157.757	157.758			6
2026.03.20	01:13:51.628	157.754	157.755			6
2026.03.20	01:14:00.032	157.754				2
2026.03.20	01:14:15.661	157.753	157.754			6
2026.03.20	01:14:17.161	157.752	157.753			6
2026.03.20	01:14:17.459	157.753	157.754			6
2026.03.20	01:14:18.061	157.752	157.753			6
2026.03.20	01:14:18.362	157.753	157.754			6
2026.03.20	01:14:18.666	157.752	157.753			6
2026.03.20	01:14:19.264	157.753	157.754			6
2026.03.20	01:14:21.067	157.754	157.755			6
2026.03.20	01:14:21.966	157.753	157.754			6
2026.03.20	01:14:22.265	157.754	157.755			6
2026.03.20	01:14:23.764	157.753	157.754			6
2026.03.20	01:14:32.496	157.752	157.753			6
2026.03.20	01:14:33.697	157.753	157.754			6
2026.03.20	01:14:36.409	157.752	157.753			6
2026.03.20	01:14:37.605	157.753	157.754			6
2026.03.20	01:14:39.107	157.742	157.743			6
2026.03.20	01:14:40.315	157.740	157.741			6
2026.03.20	01:14:47.520	157.739	157.740			6
2026.03.20	01:14:50.528	157.740	157.741			6
2026.03.20	01:14:52.331	157.741	157.742			6
2026.03.20	01:14:52.630	157.743	157.744			6
2026.03.20	01:14:53.836	157.744	157.745			6
2026.03.20	01:14:54.737	157.743	157.744			6
2026.03.20	01:15:00.143	157.743				2
2026.03.20	01:15:00.441	157.742	157.743			6
2026.03.20	01:15:01.343	157.743	157.744			6
2026.03.20	01:15:09.757	157.742	157.743			6
2026.03.20	01:15:10.053	157.743	157.744			6
2026.03.20	01:15:20.284	157.742	157.743			6
2026.03.20	01:15:22.689	157.743	157.744			6
2026.03.20	01:15:26.896	157.742	157.743			6
2026.03.20	01:15:43.714	157.743	157.744			6
2026.03.20	01:15:48.528	157.742	157.743			6
2026.03.20	01:15:49.128	157.743	157.744			6
2026.03.20	01:15:50.328	157.742	157.743			6
2026.03.20	01:16:00.241	157.742				2
2026.03.20	01:16:03.553	157.752	157.753			6
2026.03.20	01:16:04.145	157.753	157.754			6
2026.03.20	01:16:05.049	157.754	157.755			6
2026.03.20	01:16:09.254	157.741	157.742			6
2026.03.20	01:16:10.160	157.740	157.743			6
2026.03.20	01:16:12.860	157.739	157.742			6
2026.03.20	01:16:17.368		157.741			4
2026.03.20	01:16:27.281	157.740				2
2026.03.20	01:16:27.887	157.739	157.740			6
2026.03.20	01:16:31.488	157.738	157.739			6
2026.03.20	01:16:31.790	157.739	157.740			6
2026.03.20	01:16:33.294	157.752	157.753			6
2026.03.20	01:16:33.600	157.751	157.752			6
2026.03.20	01:16:34.195	157.749	157.754			6
2026.03.20	01:16:36.306	157.750	157.755			6
2026.03.20	01:16:37.199	157.751	157.756			6
2026.03.20	01:16:37.799	157.750	157.755			6
2026.03.20	01:16:38.405	157.751	157.756			6
2026.03.20	01:16:39.302	157.750	157.755			6
2026.03.20	01:16:40.504	157.751				2
2026.03.20	01:16:41.106	157.750	157.754			6
2026.03.20	01:16:41.409		157.755			4
2026.03.20	01:16:42.316	157.751				2
2026.03.20	01:16:46.823	157.750	157.754			6
2026.03.20	01:16:53.134	157.751				2
2026.03.20	01:17:00.042	157.751				2
2026.03.20	01:17:02.142		157.753			4
2026.03.20	01:17:05.150	157.752	157.754			6
2026.03.20	01:17:06.354	157.751	157.753			6
2026.03.20	01:17:06.953	157.752	157.754			6
2026.03.20	01:17:07.254	157.751	157.753			6
2026.03.20	01:17:07.558	157.752	157.754			6
2026.03.20	01:17:08.458	157.753	157.755			6
2026.03.20	01:17:10.261		157.754			4
2026.03.20	01:17:21.687	157.754	157.755			6
2026.03.20	01:17:23.784	157.753	157.754			6
2026.03.20	01:17:24.687	157.752	157.753			6
2026.03.20	01:17:30.099	157.751	157.752			6
2026.03.20	01:17:34.308	157.752	157.753			6
2026.03.20	01:17:34.915	157.753	157.754			6
2026.03.20	01:17:35.211	157.754	157.755			6
2026.03.20	01:17:35.506	157.753	157.754			6
2026.03.20	01:17:37.614	157.752	157.753			6
2026.03.20	01:17:38.215	157.751	157.752			6
2026.03.20	01:17:38.817	157.752	157.753			6
2026.03.20	01:17:40.019	157.751	157.752			6
2026.03.20	01:18:00.165	157.751				2
2026.03.20	01:18:03.473	157.752	157.753			6
2026.03.20	01:18:03.776	157.751	157.752			6
2026.03.20	01:18:04.978	157.752	157.753			6
2026.03.20	01:18:05.279	157.753	157.754			6
2026.03.20	01:18:05.583	157.754	157.755			6
2026.03.20	01:18:05.881	157.762	157.763			6
2026.03.20	01:18:06.181	157.763	157.764			6
2026.03.20	01:18:07.083		157.765			4
2026.03.20	01:18:10.086		157.764			4
2026.03.20	01:18:10.689	157.764	157.765			6
2026.03.20	01:18:12.495	157.765	157.766			6
2026.03.20	01:18:13.695	157.764	157.765			6
2026.03.20	01:18:15.803	157.765	157.766			6
2026.03.20	01:18:17.005	157.766	157.767			6
2026.03.20	01:18:18.807	157.767	157.768			6
2026.03.20	01:18:19.406	157.766	157.767			6
2026.03.20	01:18:19.706	157.767	157.768			6
2026.03.20	01:18:20.007	157.766	157.767			6
2026.03.20	01:18:20.910	157.764	157.765			6
2026.03.20	01:18:22.413	157.765	157.766			6
2026.03.20	01:18:24.218	157.764	157.765			6
2026.03.20	01:18:28.128	157.765	157.766			6
2026.03.20	01:18:28.430	157.764	157.765			6
2026.03.20	01:18:31.131	157.765	157.766			6
2026.03.20	01:18:39.544	157.766	157.767			6
2026.03.20	01:19:00.282	157.764	157.765			6
2026.03.20	01:19:01.188	157.763				2
2026.03.20	01:19:02.689	157.764				2
2026.03.20	01:19:04.497	157.765	157.766			6
2026.03.20	01:19:22.231	157.766	157.767			6
2026.03.20	01:19:23.735	157.765	157.766			6
2026.03.20	01:19:24.932	157.766	157.767			6
2026.03.20	01:19:45.063	157.765	157.766			6
2026.03.20	01:19:45.964	157.766	157.767			6
2026.03.20	01:20:00.091	157.766				2
2026.03.20	01:20:02.794	157.765	157.766			6
2026.03.20	01:20:07.003	157.764	157.765			6
2026.03.20	01:20:10.309	157.765	157.766			6
2026.03.20	01:20:12.710	157.764	157.765			6
2026.03.20	01:20:19.926	157.765	157.766			6
2026.03.20	01:20:21.426	157.764	157.765			6
2026.03.20	01:20:23.229	157.765	157.766			6
2026.03.20	01:20:23.825	157.764	157.765			6
2026.03.20	01:20:27.730	157.763	157.764			6
2026.03.20	01:20:35.839	157.764	157.765			6
2026.03.20	01:20:38.540	157.763	157.764			6
2026.03.20	01:20:41.549	157.764	157.765			6
2026.03.20	01:20:44.855	157.763	157.764			6
2026.03.20	01:20:45.751	157.764	157.765			6
2026.03.20	01:20:49.964	157.763	157.764			6
2026.03.20	01:20:50.264	157.764	157.765			6
2026.03.20	01:20:53.871	157.765	157.766			6
2026.03.20	01:20:57.181	157.764	157.765			6
2026.03.20	01:20:58.382	157.765	157.766			6
2026.03.20	01:21:00.185	157.765				2
2026.03.20	01:21:00.789	157.766	157.767			6
2026.03.20	01:21:08.005	157.765	157.766			6
2026.03.20	01:21:13.125	157.763	157.764			6
2026.03.20	01:21:21.535	157.765	157.766			6
2026.03.20	01:21:42.870	157.764	157.765			6
2026.03.20	01:21:43.475	157.765	157.766			6
2026.03.20	01:21:44.382	157.763	157.764			6
2026.03.20	01:21:46.185	157.764	157.765			6
2026.03.20	01:21:59.123	157.763	157.764			6
2026.03.20	01:21:59.423	157.764	157.765			6
2026.03.20	01:22:00.025	157.764				2
2026.03.20	01:22:00.625	157.763	157.764			6
2026.03.20	01:22:01.831	157.764	157.765			6
2026.03.20	01:22:09.936	157.765	157.766			6
2026.03.20	01:22:14.444	157.764	157.765			6
2026.03.20	01:22:16.552	157.763	157.764			6
2026.03.20	01:22:17.154	157.764	157.765			6
2026.03.20	01:22:18.662	157.763	157.764			6
2026.03.20	01:22:21.062	157.764	157.765			6
2026.03.20	01:22:34.280	157.765	157.766			6
2026.03.20	01:22:39.691	157.776	157.777			6
2026.03.20	01:22:49.911	157.777	157.778			6
2026.03.20	01:22:51.406	157.778	157.779			6
2026.03.20	01:22:52.307	157.779	157.780			6
2026.03.20	01:22:55.313	157.778	157.779			6
2026.03.20	01:22:57.716	157.779	157.780			6
2026.03.20	01:22:58.918	157.778	157.779			6
2026.03.20	01:23:00.118	157.778				2
2026.03.20	01:23:03.120	157.779	157.780			6
2026.03.20	01:23:32.892	157.778	157.779			6
2026.03.20	01:23:33.792	157.777	157.778			6
2026.03.20	01:23:35.301	157.769	157.770			6
2026.03.20	01:23:35.605	157.765	157.766			6
2026.03.20	01:23:36.200	157.764	157.767			6
2026.03.20	01:23:36.502	157.763	157.766			6
2026.03.20	01:23:40.108	157.762	157.765			6
2026.03.20	01:23:40.408	157.763	157.766			6
2026.03.20	01:23:45.216	157.752	157.755			6
2026.03.20	01:23:46.110	157.751				2
2026.03.20	01:23:46.415	157.750				2
2026.03.20	01:23:49.419		157.756			4
2026.03.20	01:23:50.922	157.755	157.761			6
2026.03.20	01:23:51.221	157.756				2
2026.03.20	01:23:57.234	157.755				2
2026.03.20	01:23:57.537	157.750	157.756			6
2026.03.20	01:23:57.835	157.751				2
2026.03.20	01:23:58.138	157.750				2
2026.03.20	01:24:00.241	157.750				2
2026.03.20	01:24:00.545		157.755			4
2026.03.20	01:24:02.348	157.754	157.756			6
2026.03.20	01:24:02.645	157.759	157.765			6
2026.03.20	01:24:03.247	157.758				2
2026.03.20	01:24:03.544	157.759				2
2026.03.20	01:24:06.249	157.760				2
2026.03.20	01:24:06.852		157.767			4
2026.03.20	01:24:07.454		157.766			4
2026.03.20	01:24:07.757		157.767			4
2026.03.20	01:24:12.264	157.761	157.768			6
2026.03.20	01:24:18.272	157.762				2
2026.03.20	01:24:29.101	157.763				2
2026.03.20	01:24:30.311	157.762	157.767			6
2026.03.20	01:24:34.810	157.763	157.768			6
2026.03.20	01:24:39.315		157.767			4
2026.03.20	01:24:49.237	157.764				2
2026.03.20	01:24:56.138	157.766	157.769			6
2026.03.20	01:25:00.043	157.766				2
2026.03.20	01:25:00.342	157.773	157.775			6
2026.03.20	01:25:00.941	157.774	157.776			6
2026.03.20	01:25:01.248	157.773	157.778			6
2026.03.20	01:25:03.355	157.774				2
2026.03.20	01:25:07.561	157.775	157.779			6
2026.03.20	01:25:12.373	157.776				2
2026.03.20	01:25:14.188	157.775	157.778			6
2026.03.20	01:25:16.594	157.776	157.779			6
2026.03.20	01:25:20.200	157.777				2
2026.03.20	01:25:22.909	157.776	157.778			6
2026.03.20	01:25:28.312		157.777			4
2026.03.20	01:25:30.120	157.775	157.776			6
2026.03.20	01:25:35.224	157.776	157.777			6
2026.03.20	01:25:55.946	157.775	157.776			6
2026.03.20	01:25:59.258	157.776	157.777			6
2026.03.20	01:26:00.159	157.776				2
2026.03.20	01:26:00.760	157.775	157.776			6
2026.03.20	01:26:02.271	157.765	157.766			6
2026.03.20	01:26:03.169	157.762	157.767			6
2026.03.20	01:26:05.266	157.763	157.768			6
2026.03.20	01:26:09.177	157.761	157.766			6
2026.03.20	01:26:10.672	157.763				2
2026.03.20	01:26:12.177		157.767			4
2026.03.20	01:26:16.688	157.764				2
2026.03.20	01:26:19.392	157.763				2
2026.03.20	01:26:22.095	157.764				2
2026.03.20	01:26:23.007	157.763	157.766			6
2026.03.20	01:26:23.302	157.762	157.765			6
2026.03.20	01:26:25.104	157.763	157.766			6
2026.03.20	01:26:26.606	157.764	157.767			6
2026.03.20	01:26:26.905	157.763	157.766			6
2026.03.20	01:26:28.111	157.762	157.765			6
2026.03.20	01:26:30.211	157.763				2
2026.03.20	01:26:33.514	157.761	157.763			6
2026.03.20	01:26:40.126	157.762				2
2026.03.20	01:26:45.531	157.763	157.764			6
2026.03.20	01:26:46.732	157.762	157.763			6
2026.03.20	01:27:00.260	157.762				2
2026.03.20	01:27:26.711	157.764	157.765			6
2026.03.20	01:28:00.096	157.764				2
2026.03.20	01:28:07.612	157.763	157.764			6
2026.03.20	01:28:07.911	157.764	157.765			6
2026.03.20	01:28:12.720	157.763	157.764			6
2026.03.20	01:28:35.251	157.765	157.766			6
2026.03.20	01:28:46.975	157.764	157.765			6
2026.03.20	01:28:48.483	157.765	157.766			6
2026.03.20	01:28:49.680	157.764	157.765			6
2026.03.20	01:28:51.188	157.765	157.766			6
2026.03.20	01:28:52.688	157.764	157.765			6
2026.03.20	01:28:53.291	157.765	157.766			6
2026.03.20	01:29:00.208	157.765				2
2026.03.20	01:29:13.130	157.764	157.765			6
2026.03.20	01:29:13.430	157.765	157.766			6
2026.03.20	01:29:24.865	157.764	157.765			6
2026.03.20	01:29:25.763	157.765	157.766			6
2026.03.20	01:29:39.000	157.766	157.767			6
2026.03.20	01:29:40.200	157.765	157.766			6
2026.03.20	01:29:41.104	157.766	157.767			6
2026.03.20	01:29:41.407	157.763	157.764			6
2026.03.20	01:29:42.003	157.764	157.765			6
2026.03.20	01:29:48.623	157.765	157.766			6
2026.03.20	01:30:00.043	157.765				2
2026.03.20	01:30:01.846	157.766	157.767			6
2026.03.20	01:30:06.360	157.788	157.789			6
2026.03.20	01:30:06.659	157.778	157.779			6
2026.03.20	01:30:06.961	157.788	157.789			6
2026.03.20	01:30:07.260	157.785	157.793			6
2026.03.20	01:30:07.560		157.792			4
2026.03.20	01:30:07.868		157.793			4
2026.03.20	01:30:08.166	157.784				2
2026.03.20	01:30:08.465	157.785				2
2026.03.20	01:30:09.671	157.786				2
2026.03.20	01:30:15.089		157.792			4
2026.03.20	01:30:15.390	157.787	157.795			6
2026.03.20	01:30:23.215	157.786	157.794			6
2026.03.20	01:30:25.325		157.793			4
2026.03.20	01:30:26.223	157.788	157.796			6
2026.03.20	01:30:27.728		157.795			4
2026.03.20	01:30:40.344		157.794			4
2026.03.20	01:30:49.056		157.795			4
2026.03.20	01:30:49.355		157.794			4
2026.03.20	01:30:49.659	157.789				2
2026.03.20	01:30:56.571		157.795			4
2026.03.20	01:30:56.875	157.792	157.796			6
2026.03.20	01:30:57.170		157.797			4
2026.03.20	01:30:57.474		157.796			4
2026.03.20	01:30:59.279		157.795			4
2026.03.20	01:31:00.183	157.792				2
2026.03.20	01:31:02.289	157.791				2
2026.03.20	01:31:06.797		157.794			4
2026.03.20	01:31:07.398	157.796	157.800			6
2026.03.20	01:31:07.698	157.799	157.803			6
2026.03.20	01:31:08.298		157.805			4
2026.03.20	01:31:09.500	157.800				2
2026.03.20	01:31:11.302	157.799				2
2026.03.20	01:31:15.808	157.798	157.803			6
2026.03.20	01:31:16.108		157.804			4
2026.03.20	01:31:16.410	157.799				2
2026.03.20	01:31:17.315		157.805			4
2026.03.20	01:31:22.125		157.804			4
2026.03.20	01:31:24.527	157.798	157.803			6
2026.03.20	01:31:24.828	157.799	157.804			6
2026.03.20	01:31:25.436	157.793	157.798			6
2026.03.20	01:31:25.729	157.789	157.794			6
2026.03.20	01:31:26.329	157.788	157.796			6
2026.03.20	01:31:26.635		157.795			4
2026.03.20	01:31:32.641		157.794			4
2026.03.20	01:31:40.165	157.789	157.796			6
2026.03.20	01:31:40.462	157.788	157.795			6
2026.03.20	01:31:41.065		157.794			4
2026.03.20	01:31:41.667	157.787				2
2026.03.20	01:31:42.869		157.793			4
2026.03.20	01:31:48.871	157.788				2
2026.03.20	01:31:57.897	157.787	157.792			6
2026.03.20	01:31:59.099		157.791			4
2026.03.20	01:32:00.300	157.787				2
2026.03.20	01:32:03.003	157.786	157.790			6
2026.03.20	01:32:05.106	157.787	157.791			6
2026.03.20	01:32:06.308	157.788				2
2026.03.20	01:32:12.321		157.790			4
2026.03.20	01:32:14.433	157.782	157.783			6
2026.03.20	01:32:14.726	157.788	157.790			6
2026.03.20	01:32:18.340	157.789				2
2026.03.20	01:32:21.041	157.788	157.789			6
2026.03.20	01:32:26.753	157.801	157.802			6
2026.03.20	01:32:27.349	157.798	157.804			6
2026.03.20	01:32:27.651	157.799				2
2026.03.20	01:32:27.947	157.798				2
2026.03.20	01:32:29.750	157.799	157.805			6
2026.03.20	01:32:34.264		157.806			4
2026.03.20	01:32:34.867		157.805			4
2026.03.20	01:32:37.869	157.800	157.806			6
2026.03.20	01:32:38.174		157.807			4
2026.03.20	01:32:38.474	157.801				2
2026.03.20	01:32:39.076		157.806			4
2026.03.20	01:32:39.683	157.799				2
2026.03.20	01:32:40.284	157.798	157.805			6
2026.03.20	01:32:41.186	157.799	157.806			6
2026.03.20	01:32:42.390	157.800				2
2026.03.20	01:32:45.402	157.799	157.804			6
2026.03.20	01:32:47.807	157.806	157.812			6
2026.03.20	01:32:48.102	157.801	157.807			6
2026.03.20	01:32:48.398	157.799				2
2026.03.20	01:32:48.699	157.793	157.799			6
2026.03.20	01:32:49.901		157.797			4
2026.03.20	01:32:50.200	157.794	157.800			6
2026.03.20	01:32:50.504	157.791	157.797			6
2026.03.20	01:32:51.104	157.794	157.799			6
2026.03.20	01:32:51.704		157.800			4
2026.03.20	01:32:54.706	157.795	157.801			6
2026.03.20	01:32:55.306		157.802			4
2026.03.20	01:32:58.007	157.800	157.806			6
2026.03.20	01:32:58.305	157.799	157.805			6
2026.03.20	01:32:58.909	157.800	157.807			6
2026.03.20	01:32:59.209	157.802				2
2026.03.20	01:33:00.110	157.802				2
2026.03.20	01:33:00.409	157.799	157.806			6
2026.03.20	01:33:01.312	157.801				2
2026.03.20	01:33:02.514		157.808			4
2026.03.20	01:33:09.120	157.802	157.809			6
2026.03.20	01:33:10.322	157.800	157.808			6
2026.03.20	01:33:11.826		157.807			4
2026.03.20	01:33:13.332		157.808			4
2026.03.20	01:33:13.930		157.805			4
2026.03.20	01:33:25.645	157.799	157.803			6
2026.03.20	01:33:26.249		157.804			4
2026.03.20	01:33:29.853	157.798				2
2026.03.20	01:33:32.258		157.805			4
2026.03.20	01:33:34.363		157.804			4
2026.03.20	01:33:34.669	157.808	157.813			6
2026.03.20	01:33:34.966	157.798	157.804			6
2026.03.20	01:33:35.266	157.799	157.805			6
2026.03.20	01:33:40.369		157.804			4
2026.03.20	01:33:44.578		157.805			4
2026.03.20	01:33:45.180		157.804			4
2026.03.20	01:33:48.784	157.800				2
2026.03.20	01:33:51.792		157.805			4
2026.03.20	01:33:52.089	157.801				2
2026.03.20	01:33:53.289		157.804			4
2026.03.20	01:33:55.993	157.800				2
2026.03.20	01:33:56.894	157.801				2
2026.03.20	01:33:58.400	157.803	157.806			6
2026.03.20	01:33:59.295	157.800	157.804			6
2026.03.20	01:33:59.896	157.799	157.803			6
2026.03.20	01:34:00.196	157.799				2
2026.03.20	01:34:00.798	157.800				2
2026.03.20	01:34:02.605	157.799				2
2026.03.20	01:34:05.904	157.802	157.805			6
2026.03.20	01:34:06.203	157.800	157.804			6
2026.03.20	01:34:08.008	157.801				2
2026.03.20	01:34:13.720	157.802	157.805			6
2026.03.20	01:34:14.020	157.804	157.806			6
2026.03.20	01:34:14.322	157.802				2
2026.03.20	01:34:14.924	157.803				2
2026.03.20	01:34:15.224	157.802				2
2026.03.20	01:34:15.524		157.805			4
2026.03.20	01:34:19.431	157.804	157.806			6
2026.03.20	01:34:19.731		157.805			4
2026.03.20	01:34:20.332		157.806			4
2026.03.20	01:34:20.632		157.805			4
2026.03.20	01:34:21.234		157.806			4
2026.03.20	01:34:21.833		157.805			4
2026.03.20	01:34:23.636		157.806			4
2026.03.20	01:34:24.237	157.802	157.804			6
2026.03.20	01:34:25.441	157.801				2
2026.03.20	01:34:27.539	157.800	157.803			6
2026.03.20	01:34:28.138		157.802			4
2026.03.20	01:34:34.153		157.801			4
2026.03.20	01:34:37.451	157.801	157.802			6
2026.03.20	01:34:37.751		157.803			4
2026.03.20	01:34:44.367	157.802				2
2026.03.20	01:34:44.668	157.811	157.812			6
2026.03.20	01:34:44.970	157.812	157.813			6
2026.03.20	01:34:45.269		157.816			4
2026.03.20	01:34:45.867		157.817			4
2026.03.20	01:34:50.684	157.814	157.818			6
2026.03.20	01:34:50.989		157.817			4
2026.03.20	01:35:00.001	157.814				2
2026.03.20	01:35:02.700		157.816			4
2026.03.20	01:35:06.305		157.817			4
2026.03.20	01:35:07.510		157.816			4
2026.03.20	01:35:14.121	157.815				2
2026.03.20	01:35:17.126	157.814	157.815			6
2026.03.20	01:35:20.129	157.815	157.816			6
2026.03.20	01:35:23.732	157.813	157.814			6
2026.03.20	01:35:24.033	157.814	157.815			6
2026.03.20	01:35:28.246	157.813	157.814			6
2026.03.20	01:35:36.056	157.814	157.815			6
2026.03.20	01:35:40.561	157.815	157.816			6
2026.03.20	01:35:40.860	157.814	157.815			6
2026.03.20	01:35:41.160	157.815	157.816			6
2026.03.20	01:35:42.663	157.814	157.815			6
2026.03.20	01:35:45.667	157.813	157.814			6
2026.03.20	01:35:48.673	157.821	157.822			6
2026.03.20	01:35:48.971	157.822	157.823			6
2026.03.20	01:35:49.871	157.821	157.822			6
2026.03.20	01:35:53.478	157.816	157.817			6
2026.03.20	01:35:54.679	157.815	157.816			6
2026.03.20	01:35:57.385	157.814	157.815			6
2026.03.20	01:36:00.091	157.814				2
2026.03.20	01:36:00.692	157.816	157.817			6
2026.03.20	01:36:00.994	157.815	157.816			6
2026.03.20	01:36:01.895	157.816	157.817			6
2026.03.20	01:36:02.194	157.821	157.822			6
2026.03.20	01:36:02.494	157.823	157.824			6
2026.03.20	01:36:03.095	157.822				2
2026.03.20	01:36:08.201	157.823				2
2026.03.20	01:36:11.506	157.824	157.825			6
2026.03.20	01:36:13.307	157.825	157.826			6
2026.03.20	01:36:15.414	157.826	157.827			6
2026.03.20	01:36:15.710	157.825	157.826			6
2026.03.20	01:36:17.211	157.826	157.827			6
2026.03.20	01:36:17.813	157.824	157.825			6
2026.03.20	01:36:18.114	157.825	157.826			6
2026.03.20	01:36:18.715	157.829	157.830			6
2026.03.20	01:36:19.314	157.828	157.829			6
2026.03.20	01:36:19.614	157.814	157.815			6
2026.03.20	01:36:19.914	157.812	157.813			6
2026.03.20	01:36:20.514	157.813	157.814			6
2026.03.20	01:36:20.816	157.812	157.813			6
2026.03.20	01:36:21.117	157.810	157.817			6
2026.03.20	01:36:21.422	157.811				2
2026.03.20	01:36:21.719	157.812	157.818			6
2026.03.20	01:36:25.319		157.819			4
2026.03.20	01:36:26.225		157.818			4
2026.03.20	01:36:27.424		157.817			4
2026.03.20	01:36:30.126	157.811				2
2026.03.20	01:36:30.726	157.815	157.820			6
2026.03.20	01:36:31.628	157.816				2
2026.03.20	01:36:31.929		157.821			4
2026.03.20	01:36:32.829		157.822			4
2026.03.20	01:36:35.231		157.821			4
2026.03.20	01:36:36.434	157.815	157.820			6
2026.03.20	01:36:36.732	157.819	157.824			6
2026.03.20	01:36:37.634	157.820	157.825			6
2026.03.20	01:36:39.736		157.824			4
2026.03.20	01:36:40.037	157.818	157.823			6
2026.03.20	01:36:40.338	157.819				2
2026.03.20	01:36:40.638		157.824			4
2026.03.20	01:36:40.939	157.820				2
2026.03.20	01:36:41.239		157.825			4
2026.03.20	01:36:41.540		157.824			4
2026.03.20	01:36:43.343	157.819	157.823			6
2026.03.20	01:36:43.645		157.824			4
2026.03.20	01:36:44.245	157.822	157.827			6
2026.03.20	01:36:45.451		157.828			4
2026.03.20	01:36:48.153		157.827			4
2026.03.20	01:36:53.863	157.823				2
2026.03.20	01:36:54.169	157.822	157.826			6
2026.03.20	01:36:55.672	157.823	157.827			6
2026.03.20	01:36:56.264	157.822	157.826			6
2026.03.20	01:36:56.567	157.823	157.827			6
2026.03.20	01:37:00.179	157.823				2
2026.03.20	01:37:00.779	157.819	157.824			6
2026.03.20	01:37:01.077	157.814	157.819			6
2026.03.20	01:37:01.378		157.818			4
2026.03.20	01:37:02.276		157.820			4
2026.03.20	01:37:02.578		157.819			4
2026.03.20	01:37:05.281		157.818			4
2026.03.20	01:37:05.587	157.813				2
2026.03.20	01:37:05.882		157.817			4
2026.03.20	01:37:08.583		157.818			4
2026.03.20	01:37:10.695		157.817			4
2026.03.20	01:37:11.895		157.818			4
2026.03.20	01:37:12.200		157.817			4
2026.03.20	01:37:15.199		157.816			4
2026.03.20	01:37:15.499		157.817			4
2026.03.20	01:37:18.207		157.816			4
2026.03.20	01:37:19.713		157.817			4
2026.03.20	01:37:20.914	157.812	157.815			6
2026.03.20	01:37:21.215		157.816			4
2026.03.20	01:37:24.224	157.811	157.815			6
2026.03.20	01:37:24.525	157.812				2
2026.03.20	01:37:24.823		157.816			4
2026.03.20	01:37:25.124		157.815			4
2026.03.20	01:37:25.728	157.813	157.816			6
2026.03.20	01:37:31.137		157.815			4
2026.03.20	01:37:33.240	157.811	157.813			6
2026.03.20	01:37:37.140	157.812				2
2026.03.20	01:37:39.844	157.813	157.814			6
2026.03.20	01:37:40.144	157.812	157.813			6
2026.03.20	01:37:42.246	157.813	157.814			6
2026.03.20	01:37:43.758	157.812	157.813			6
2026.03.20	01:37:44.653	157.811	157.812			6
2026.03.20	01:37:45.257	157.810	157.811			6
2026.03.20	01:37:45.856	157.811	157.812			6
2026.03.20	01:37:46.156	157.812	157.813			6
2026.03.20	01:37:46.760	157.813	157.814			6
2026.03.20	01:37:47.063	157.812	157.813			6
2026.03.20	01:37:47.961	157.813	157.814			6
2026.03.20	01:37:50.368	157.812	157.813			6
2026.03.20	01:37:54.869	157.813	157.814			6
2026.03.20	01:37:57.583	157.812	157.813			6
2026.03.20	01:37:58.778	157.813	157.814			6
2026.03.20	01:37:59.381	157.812	157.813			6
2026.03.20	01:38:00.285	157.812				2
2026.03.20	01:38:02.688	157.813	157.814			6
2026.03.20	01:38:02.993	157.814	157.815			6
2026.03.20	01:38:03.891	157.815	157.816			6
2026.03.20	01:38:06.903	157.817	157.818			6
2026.03.20	01:38:07.204	157.818	157.819			6
2026.03.20	01:38:07.502	157.819	157.820			6
2026.03.20	01:38:09.305	157.818	157.819			6
2026.03.20	01:38:12.312	157.819	157.820			6
2026.03.20	01:38:12.613	157.818	157.819			6
2026.03.20	01:38:15.611	157.819	157.820			6
2026.03.20	01:38:15.914	157.820	157.821			6
2026.03.20	01:38:16.817	157.819	157.820			6
2026.03.20	01:38:27.637	157.820	157.821			6
2026.03.20	01:38:33.342	157.816	157.817			6
2026.03.20	01:38:33.643	157.817	157.818			6
2026.03.20	01:38:34.547	157.818	157.819			6
2026.03.20	01:38:46.563	157.817	157.818			6
2026.03.20	01:38:46.866	157.818	157.819			6
2026.03.20	01:38:47.170	157.819	157.820			6
2026.03.20	01:38:48.365	157.820	157.821			6
2026.03.20	01:38:50.468	157.821	157.822			6
2026.03.20	01:38:55.281	157.822	157.823			6
2026.03.20	01:39:00.092	157.822				2
2026.03.20	01:39:02.496	157.821	157.822			6
2026.03.20	01:39:05.502	157.822	157.823			6
2026.03.20	01:39:05.797	157.828	157.829			6
2026.03.20	01:39:06.398	157.827	157.828			6
2026.03.20	01:39:10.908	157.825	157.826			6
2026.03.20	01:39:11.509	157.824	157.825			6
2026.03.20	01:39:13.306	157.825	157.826			6
2026.03.20	01:39:19.018	157.824	157.825			6
2026.03.20	01:39:20.224	157.827	157.828			6
2026.03.20	01:39:20.520	157.826	157.827			6
2026.03.20	01:39:24.434	157.846	157.847			6
2026.03.20	01:39:24.735	157.844	157.845			6
2026.03.20	01:39:25.337	157.840	157.847			6
2026.03.20	01:39:25.637	157.838	157.844			6
2026.03.20	01:39:26.534	157.835	157.841			6
2026.03.20	01:39:28.332	157.833	157.840			6
2026.03.20	01:39:29.535		157.839			4
2026.03.20	01:39:34.050	157.834				2
2026.03.20	01:39:34.346	157.831	157.838			6
2026.03.20	01:39:34.648		157.837			4
2026.03.20	01:39:39.154		157.836			4
2026.03.20	01:39:41.561	157.830				2
2026.03.20	01:39:41.867	157.828	157.834			6
2026.03.20	01:39:42.161		157.833			4
2026.03.20	01:39:42.761	157.826	157.832			6
2026.03.20	01:39:43.061		157.831			4
2026.03.20	01:39:43.362		157.832			4
2026.03.20	01:39:43.661		157.831			4
2026.03.20	01:39:47.570		157.832			4
2026.03.20	01:39:50.572		157.831			4
2026.03.20	01:39:52.076	157.839	157.843			6
2026.03.20	01:39:52.373		157.842			4
2026.03.20	01:39:52.977		157.843			4
2026.03.20	01:39:53.276		157.845			4
2026.03.20	01:39:54.177	157.841	157.846			6
2026.03.20	01:40:00.196	157.842				2
2026.03.20	01:40:02.290		157.845			4
2026.03.20	01:40:08.296	157.847	157.851			6
2026.03.20	01:40:08.597	157.852	157.856			6
2026.03.20	01:40:08.904		157.855			4
2026.03.20	01:40:09.202		157.856			4
2026.03.20	01:40:10.697		157.857			4
2026.03.20	01:40:13.403	157.860	157.862			6
2026.03.20	01:40:13.700	157.864	157.869			6
2026.03.20	01:40:14.901	157.863	157.868			6
2026.03.20	01:40:20.621		157.867			4
2026.03.20	01:40:23.923	157.864	157.869			6
2026.03.20	01:40:25.427	157.863				2
2026.03.20	01:40:26.026		157.868			4
2026.03.20	01:40:26.324		157.869			4
2026.03.20	01:40:26.630	157.864				2
2026.03.20	01:40:31.735		157.868			4
2026.03.20	01:40:32.335	157.863				2
2026.03.20	01:40:34.742	157.866	157.870			6
2026.03.20	01:40:38.646	157.863	157.868			6
2026.03.20	01:40:45.858	157.864				2
2026.03.20	01:40:48.263		157.867			4
2026.03.20	01:40:48.559		157.868			4
2026.03.20	01:40:50.967	157.865				2
2026.03.20	01:40:53.369	157.874	157.877			6
2026.03.20	01:40:53.665	157.876	157.879			6
2026.03.20	01:40:53.966	157.871	157.875			6
2026.03.20	01:40:54.268	157.873	157.876			6
2026.03.20	01:40:55.166		157.875			4
2026.03.20	01:40:57.284	157.863	157.866			6
2026.03.20	01:40:58.183		157.867			4
2026.03.20	01:40:58.483		157.868			4
2026.03.20	01:40:59.078	157.865	157.869			6
2026.03.20	01:40:59.678	157.864	157.868			6
2026.03.20	01:41:00.279	157.864				2
2026.03.20	01:41:02.082	157.863				2
2026.03.20	01:41:02.383		157.867			4
2026.03.20	01:41:03.286	157.861				2
2026.03.20	01:41:03.587		157.868			4
2026.03.20	01:41:03.883		157.867			4
2026.03.20	01:41:05.391	157.856	157.863			6
2026.03.20	01:41:05.687	157.855	157.861			6
2026.03.20	01:41:08.392	157.852	157.858			6
2026.03.20	01:41:09.594		157.857			4
2026.03.20	01:41:12.299		157.858			4
2026.03.20	01:41:14.407	157.857	157.860			6
2026.03.20	01:41:14.704	157.861	157.867			6
2026.03.20	01:41:15.001	157.860				2
2026.03.20	01:41:16.506	157.858	157.865			6
2026.03.20	01:41:16.805	157.849	157.856			6
2026.03.20	01:41:17.103	157.850	157.858			6
2026.03.20	01:41:17.404	157.849	157.857			6
2026.03.20	01:41:19.510	157.857	157.858			6
2026.03.20	01:41:19.806	157.862	157.869			6
2026.03.20	01:41:24.923	157.860	157.868			6
2026.03.20	01:41:26.724	157.856	157.864			6
2026.03.20	01:41:27.027	157.857				2
2026.03.20	01:41:30.328	157.856				2
2026.03.20	01:41:34.237	157.855	157.862			6
2026.03.20	01:41:35.131	157.849	157.856			6
2026.03.20	01:41:35.438		157.857			4
2026.03.20	01:41:38.740	157.851				2
2026.03.20	01:41:39.040		157.858			4
2026.03.20	01:41:39.643	157.852	157.859			6
2026.03.20	01:41:40.243	157.851	157.858			6
2026.03.20	01:41:40.537	157.850	157.857			6
2026.03.20	01:41:44.443		157.856			4
2026.03.20	01:41:44.745	157.851				2
2026.03.20	01:41:50.448		157.857			4
2026.03.20	01:41:50.754		157.856			4
2026.03.20	01:41:57.065	157.850				2
2026.03.20	01:41:58.266		157.855			4
2026.03.20	01:42:00.080	157.850				2
2026.03.20	01:42:01.274		157.856			4
2026.03.20	01:42:05.184	157.851				2
2026.03.20	01:42:06.385	157.850	157.855			6
2026.03.20	01:42:09.988	157.851	157.856			6
2026.03.20	01:42:10.288	157.850	157.855			6
2026.03.20	01:42:12.093	157.851				2
2026.03.20	01:42:16.307	157.850	157.854			6
2026.03.20	01:42:16.602	157.851	157.855			6
2026.03.20	01:42:18.101		157.854			4
2026.03.20	01:42:24.118		157.853			4
2026.03.20	01:42:29.222	157.852				2
2026.03.20	01:42:40.635	157.853	157.854			6
2026.03.20	01:42:41.239	157.851	157.852			6
2026.03.20	01:42:44.838	157.852	157.853			6
2026.03.20	01:42:48.143	157.853	157.854			6
2026.03.20	01:42:49.043	157.852	157.853			6
2026.03.20	01:43:00.163	157.852				2
2026.03.20	01:43:02.570	157.851	157.852			6
2026.03.20	01:43:02.870	157.852	157.853			6
2026.03.20	01:43:09.796	157.851	157.852			6
2026.03.20	01:43:10.099	157.852	157.853			6
2026.03.20	01:43:11.601	157.851	157.852			6
2026.03.20	01:43:13.398	157.855	157.856			6
2026.03.20	01:43:13.700	157.854	157.855			6
2026.03.20	01:43:16.104	157.853	157.854			6
2026.03.20	01:43:16.704	157.852	157.853			6
2026.03.20	01:43:18.809	157.853	157.854			6
2026.03.20	01:43:19.404	157.852	157.853			6
2026.03.20	01:43:22.110	157.853	157.854			6
2026.03.20	01:43:23.013	157.852	157.853			6
2026.03.20	01:43:23.910	157.853	157.854			6
2026.03.20	01:43:26.915	157.852	157.853			6
2026.03.20	01:43:35.625	157.853	157.854			6
2026.03.20	01:43:39.834	157.852	157.853			6
2026.03.20	01:43:41.336	157.853	157.854			6
2026.03.20	01:43:41.936	157.854	157.855			6
2026.03.20	01:43:42.537	157.853	157.854			6
2026.03.20	01:43:42.835	157.854	157.855			6
2026.03.20	01:43:49.556	157.866	157.867			6
2026.03.20	01:43:54.454	157.865	157.866			6
2026.03.20	01:43:54.755	157.866	157.867			6
2026.03.20	01:43:56.862	157.867	157.868			6
2026.03.20	01:43:57.168	157.866	157.867			6
2026.03.20	01:43:57.465	157.867	157.868			6
2026.03.20	01:43:57.775	157.869	157.870			6
2026.03.20	01:43:58.065	157.870	157.871			6
2026.03.20	01:43:58.669	157.869	157.870			6
2026.03.20	01:44:00.173	157.869				2
2026.03.20	01:44:00.473	157.868	157.869			6
2026.03.20	01:44:01.374	157.867	157.868			6
2026.03.20	01:44:01.677	157.866	157.867			6
2026.03.20	01:44:02.882	157.867	157.868			6
2026.03.20	01:44:03.185	157.868	157.869			6
2026.03.20	01:44:03.776	157.876	157.877			6
2026.03.20	01:44:06.180	157.877	157.878			6
2026.03.20	01:44:08.588	157.876	157.877			6
2026.03.20	01:44:09.193	157.870	157.871			6
2026.03.20	01:44:10.096	157.869				2
2026.03.20	01:44:10.690	157.874	157.876			6
2026.03.20	01:44:12.198	157.873				2
2026.03.20	01:44:13.095	157.874				2
2026.03.20	01:44:14.000	157.872	157.874			6
2026.03.20	01:44:14.302	157.873	157.875			6
2026.03.20	01:44:18.203		157.874			4
2026.03.20	01:44:18.502	157.874	157.875			6
2026.03.20	01:44:21.507	157.875	157.876			6
2026.03.20	01:44:23.608	157.876	157.877			6
2026.03.20	01:44:24.810	157.875	157.876			6
2026.03.20	01:44:29.920	157.877	157.878			6
2026.03.20	01:44:34.725	157.876	157.877			6
2026.03.20	01:44:36.830	157.877	157.878			6
2026.03.20	01:44:39.237	157.875	157.876			6
2026.03.20	01:44:39.538	157.874	157.875			6
2026.03.20	01:44:40.434	157.875	157.876			6
2026.03.20	01:44:43.440	157.878	157.879			6
2026.03.20	01:44:43.735	157.877	157.878			6
2026.03.20	01:44:45.543	157.878	157.879			6
2026.03.20	01:44:45.846	157.877	157.878			6
2026.03.20	01:44:49.448	157.879	157.880			6
2026.03.20	01:44:50.046	157.878	157.879			6
2026.03.20	01:44:51.549	157.877	157.878			6
2026.03.20	01:44:54.260	157.878	157.879			6
2026.03.20	01:44:55.461	157.879	157.880			6
2026.03.20	01:44:58.768	157.880	157.881			6
2026.03.20	01:45:00.265	157.880				2
2026.03.20	01:45:01.472	157.879	157.880			6
2026.03.20	01:45:01.766	157.878	157.879			6
2026.03.20	01:45:02.067	157.877				2
2026.03.20	01:45:02.368	157.876				2
2026.03.20	01:45:02.672	157.875	157.878			6
2026.03.20	01:45:03.873	157.889	157.890			6
2026.03.20	01:45:04.169	157.890	157.891			6
2026.03.20	01:45:05.371	157.889	157.890			6
2026.03.20	01:45:06.883	157.877	157.878			6
2026.03.20	01:45:08.378	157.875	157.880			6
2026.03.20	01:45:08.984	157.874				2
2026.03.20	01:45:09.588	157.876	157.882			6
2026.03.20	01:45:09.887		157.881			4
2026.03.20	01:45:10.189		157.882			4
2026.03.20	01:45:10.488	157.875	157.881			6
2026.03.20	01:45:11.385		157.880			4
2026.03.20	01:45:17.175	157.876				2
2026.03.20	01:45:18.376	157.875	157.879			6
2026.03.20	01:45:22.284	157.876				2
2026.03.20	01:45:24.386	157.878	157.880			6
2026.03.20	01:45:27.390	157.877	157.879			6
2026.03.20	01:45:31.298		157.878			4
2026.03.20	01:45:39.706	157.884	157.885			6
2026.03.20	01:45:40.008	157.886	157.887			6
2026.03.20	01:45:41.512	157.873	157.874			6
2026.03.20	01:45:41.814	157.874	157.875			6
2026.03.20	01:45:42.112	157.873	157.879			6
2026.03.20	01:45:42.714		157.878			4
2026.03.20	01:45:43.322	157.874	157.879			6
2026.03.20	01:45:43.617		157.878			4
2026.03.20	01:45:46.923	157.873	157.877			6
2026.03.20	01:45:48.727		157.878			4
2026.03.20	01:45:52.332		157.877			4
2026.03.20	01:45:57.740	157.875	157.879			6
2026.03.20	01:45:58.041	157.874	157.878			6
2026.03.20	01:46:00.141	157.875	157.879			6
2026.03.20	01:46:03.152		157.878			4
2026.03.20	01:46:05.257	157.876				2
2026.03.20	01:46:07.061	157.875				2
2026.03.20	01:46:07.662	157.876				2
2026.03.20	01:46:08.865	157.875				2
2026.03.20	01:46:10.374	157.887	157.890			6
2026.03.20	01:46:11.278	157.884				2
2026.03.20	01:46:11.577		157.889			4
2026.03.20	01:46:12.179		157.890			4
2026.03.20	01:46:12.480	157.883	157.888			6
2026.03.20	01:46:16.394	157.884	157.889			6
2026.03.20	01:46:17.294		157.888			4
2026.03.20	01:46:18.496	157.883	157.887			6
2026.03.20	01:46:20.902		157.888			4
2026.03.20	01:46:21.202		157.887			4
2026.03.20	01:46:24.509	157.880	157.885			6
2026.03.20	01:46:24.813	157.876	157.880			6
2026.03.20	01:46:25.107	157.874	157.878			6
2026.03.20	01:46:25.407		157.879			4
2026.03.20	01:46:25.708		157.878			4
2026.03.20	01:46:28.119		157.877			4
2026.03.20	01:46:38.337		157.876			4
2026.03.20	01:46:42.243		157.875			4
2026.03.20	01:46:42.843	157.875	157.876			6
2026.03.20	01:46:46.443	157.868	157.871			6
2026.03.20	01:46:47.342	157.867				2
2026.03.20	01:46:47.644	157.870	157.872			6
2026.03.20	01:46:47.948	157.872	157.875			6
2026.03.20	01:46:48.248		157.876			4
2026.03.20	01:46:48.846		157.875			4
2026.03.20	01:46:50.051	157.871	157.874			6
2026.03.20	01:46:50.347	157.870				2
2026.03.20	01:46:51.253		157.873			4
2026.03.20	01:46:52.452	157.867	157.871			6
2026.03.20	01:46:54.254		157.870			4
2026.03.20	01:46:56.660	157.869	157.872			6
2026.03.20	01:46:58.763		157.871			4
2026.03.20	01:47:00.267	157.869				2
2026.03.20	01:47:00.562		157.870			4
2026.03.20	01:47:00.862		157.871			4
2026.03.20	01:47:01.463		157.870			4
2026.03.20	01:47:04.466	157.868	157.869			6
2026.03.20	01:47:04.770	157.864	157.865			6
2026.03.20	01:47:05.065	157.863	157.864			6
2026.03.20	01:47:05.366	157.862	157.865			6
2026.03.20	01:47:06.267		157.864			4
2026.03.20	01:47:09.282	157.863	157.865			6
2026.03.20	01:47:10.183		157.864			4
2026.03.20	01:47:18.905	157.862	157.863			6
2026.03.20	01:47:19.206	157.852	157.855			6
2026.03.20	01:47:22.213	157.856	157.858			6
2026.03.20	01:47:23.110		157.859			4
2026.03.20	01:47:24.313	157.858	157.860			6
2026.03.20	01:47:26.121		157.859			4
2026.03.20	01:47:30.924	157.857	157.858			6
2026.03.20	01:47:31.826	157.859	157.860			6
2026.03.20	01:47:39.031	157.860	157.861			6
2026.03.20	01:47:39.332	157.859	157.860			6
2026.03.20	01:47:39.636	157.863	157.864			6
2026.03.20	01:47:43.840	157.865	157.866			6
2026.03.20	01:47:45.043	157.876	157.877			6
2026.03.20	01:47:45.342	157.874	157.876			6
2026.03.20	01:47:49.857		157.875			4
2026.03.20	01:47:53.764	157.876	157.877			6
2026.03.20	01:48:00.074	157.876				2
2026.03.20	01:48:00.674	157.877	157.878			6
2026.03.20	01:48:01.875	157.878	157.879			6
2026.03.20	01:48:02.478	157.879	157.880			6
2026.03.20	01:48:04.880	157.877	157.878			6
2026.03.20	01:48:06.384	157.876	157.877			6
2026.03.20	01:48:08.788	157.877	157.878			6
2026.03.20	01:48:13.298	157.876	157.877			6
2026.03.20	01:48:17.508	157.877	157.878			6
2026.03.20	01:48:20.212	157.878	157.879			6
2026.03.20	01:48:22.610	157.879	157.880			6
2026.03.20	01:48:26.219	157.878	157.879			6
2026.03.20	01:48:27.720	157.877	157.878			6
2026.03.20	01:48:30.726	157.879	157.880			6
2026.03.20	01:48:31.025	157.877	157.878			6
2026.03.20	01:48:32.830	157.878	157.879			6
2026.03.20	01:48:35.535	157.879	157.880			6
2026.03.20	01:48:38.540	157.878	157.879			6
2026.03.20	01:48:44.252	157.879	157.880			6
2026.03.20	01:48:45.450	157.878	157.879			6
2026.03.20	01:48:46.953	157.877	157.878			6
2026.03.20	01:48:47.255	157.879	157.880			6
2026.03.20	01:48:55.977	157.878	157.879			6
2026.03.20	01:48:57.175	157.874	157.875			6
2026.03.20	01:48:57.476	157.873	157.874			6
2026.03.20	01:49:00.180	157.873				2
2026.03.20	01:49:03.487	157.880	157.881			6
2026.03.20	01:49:03.790	157.877	157.878			6
2026.03.20	01:49:04.085	157.878	157.879			6
2026.03.20	01:49:08.597	157.877	157.878			6
2026.03.20	01:49:10.707	157.880	157.881			6
2026.03.20	01:49:11.005	157.879	157.880			6
2026.03.20	01:49:11.307	157.881	157.882			6
2026.03.20	01:49:19.426	157.882	157.883			6
2026.03.20	01:49:20.323	157.881	157.882			6
2026.03.20	01:49:21.229	157.882	157.883			6
2026.03.20	01:49:22.125	157.881	157.882			6
2026.03.20	01:49:23.931	157.882	157.883			6
2026.03.20	01:49:24.531	157.881	157.882			6
2026.03.20	01:49:25.433	157.882	157.883			6
2026.03.20	01:49:26.031	157.881	157.882			6
2026.03.20	01:49:30.837	157.882	157.883			6
2026.03.20	01:49:32.038	157.881	157.882			6
2026.03.20	01:49:34.441	157.882	157.883			6
2026.03.20	01:49:34.744	157.881	157.882			6
2026.03.20	01:49:36.842	157.887	157.888			6
2026.03.20	01:49:37.142	157.886	157.887			6
2026.03.20	01:49:38.953	157.887	157.888			6
2026.03.20	01:49:39.248	157.888	157.889			6
2026.03.20	01:49:40.156	157.887	157.888			6
2026.03.20	01:49:43.466	157.888	157.889			6
2026.03.20	01:49:51.295	157.889	157.890			6
2026.03.20	01:49:56.702	157.888	157.889			6
2026.03.20	01:49:57.906	157.889	157.890			6
2026.03.20	01:50:00.005	157.889				2
2026.03.20	01:50:01.208	157.890	157.891			6
2026.03.20	01:50:02.112	157.892	157.893			6
2026.03.20	01:50:02.712	157.895	157.896			6
2026.03.20	01:50:03.308	157.894	157.895			6
2026.03.20	01:50:06.015	157.895	157.896			6
2026.03.20	01:50:06.318	157.894	157.895			6
2026.03.20	01:50:07.820	157.895	157.896			6
2026.03.20	01:50:08.722	157.894	157.895			6
2026.03.20	01:50:10.222	157.893	157.894			6
2026.03.20	01:50:11.125	157.898	157.899			6
2026.03.20	01:50:20.135	157.892	157.893			6
2026.03.20	01:50:20.440	157.888	157.889			6
2026.03.20	01:50:21.937	157.887	157.888			6
2026.03.20	01:50:22.238	157.888	157.889			6
2026.03.20	01:50:24.942	157.889	157.890			6
2026.03.20	01:50:25.240	157.888	157.889			6
2026.03.20	01:50:30.045	157.887	157.888			6
2026.03.20	01:50:30.342	157.888	157.889			6
2026.03.20	01:50:32.146	157.887	157.888			6
2026.03.20	01:50:32.749	157.888	157.889			6
2026.03.20	01:50:34.548	157.891	157.892			6
2026.03.20	01:50:35.151	157.889	157.890			6
2026.03.20	01:50:35.454	157.888	157.889			6
2026.03.20	01:50:37.857	157.889	157.890			6
2026.03.20	01:50:38.158	157.888	157.889			6
2026.03.20	01:50:38.460	157.894	157.895			6
2026.03.20	01:50:38.759	157.895	157.896			6
2026.03.20	01:50:39.063	157.896	157.897			6
2026.03.20	01:50:39.369	157.895	157.896			6
2026.03.20	01:50:42.370	157.896	157.897			6
2026.03.20	01:50:42.669	157.895	157.896			6
2026.03.20	01:50:43.269	157.897	157.898			6
2026.03.20	01:50:43.567	157.898	157.899			6
2026.03.20	01:50:43.868	157.897	157.898			6
2026.03.20	01:50:44.475	157.898	157.899			6
2026.03.20	01:50:44.772	157.895	157.896			6
2026.03.20	01:50:45.679	157.894	157.895			6
2026.03.20	01:50:45.980	157.895	157.896			6
2026.03.20	01:50:46.280	157.894	157.895			6
2026.03.20	01:50:46.879	157.893	157.894			6
2026.03.20	01:50:48.082	157.894	157.895			6
2026.03.20	01:50:49.586	157.893	157.894			6
2026.03.20	01:50:50.183	157.894	157.895			6
2026.03.20	01:50:50.487	157.893	157.894			6
2026.03.20	01:50:50.785	157.894	157.895			6
2026.03.20	01:50:51.385	157.893	157.894			6
2026.03.20	01:50:51.689	157.894	157.895			6
2026.03.20	01:50:51.990	157.897	157.898			6
2026.03.20	01:50:52.284	157.896	157.897			6
2026.03.20	01:50:52.588	157.897	157.898			6
2026.03.20	01:50:54.995	157.896	157.897			6
2026.03.20	01:50:57.400	157.895	157.896			6
2026.03.20	01:50:57.703	157.892	157.893			6
2026.03.20	01:50:58.603	157.891	157.892			6
2026.03.20	01:50:59.808	157.892	157.893			6
2026.03.20	01:51:00.101	157.891	157.892			6
2026.03.20	01:51:01.307	157.890	157.891			6
2026.03.20	01:51:02.806	157.888	157.889			6
2026.03.20	01:51:05.513	157.889	157.890			6
2026.03.20	01:51:06.416	157.887	157.888			6
2026.03.20	01:51:07.319	157.888	157.889			6
2026.03.20	01:51:10.323	157.889	157.890			6
2026.03.20	01:51:10.619	157.888	157.889			6
2026.03.20	01:51:13.320	157.889	157.890			6
2026.03.20	01:51:14.227	157.888	157.889			6
2026.03.20	01:51:14.526	157.889	157.890			6
2026.03.20	01:51:15.123	157.888	157.889			6
2026.03.20	01:51:15.424	157.887	157.888			6
2026.03.20	01:51:19.630	157.888	157.889			6
2026.03.20	01:51:22.337	157.887	157.888			6
2026.03.20	01:51:23.539	157.888	157.889			6
2026.03.20	01:51:24.140	157.887	157.888			6
2026.03.20	01:51:24.740	157.888	157.889			6
2026.03.20	01:51:25.640	157.889	157.890			6
2026.03.20	01:51:26.241	157.888	157.889			6
2026.03.20	01:51:26.846	157.889	157.890			6
2026.03.20	01:51:27.448	157.887	157.888			6
2026.03.20	01:51:29.844	157.888	157.889			6
2026.03.20	01:51:30.755	157.887	157.888			6
2026.03.20	01:51:31.960	157.888	157.889			6
2026.03.20	01:51:32.256	157.887	157.888			6
2026.03.20	01:51:32.561	157.888	157.889			6
2026.03.20	01:51:33.162	157.889	157.890			6
2026.03.20	01:51:33.463	157.888	157.889			6
2026.03.20	01:51:38.573	157.889	157.890			6
2026.03.20	01:51:39.174	157.888	157.889			6
2026.03.20	01:51:40.977	157.889	157.890			6
2026.03.20	01:51:42.781	157.887	157.888			6
2026.03.20	01:51:43.986	157.888	157.889			6
2026.03.20	01:51:44.591	157.887	157.888			6
2026.03.20	01:51:44.891	157.888	157.889			6
2026.03.20	01:51:45.494	157.889	157.890			6
2026.03.20	01:51:45.793	157.888	157.889			6
2026.03.20	01:51:46.093	157.887	157.888			6
2026.03.20	01:51:46.394	157.886	157.887			6
2026.03.20	01:51:46.698	157.889	157.890			6
2026.03.20	01:51:46.994	157.890	157.891			6
2026.03.20	01:51:47.295	157.889	157.890			6
2026.03.20	01:51:48.200	157.888	157.889			6
2026.03.20	01:51:48.801	157.889	157.890			6
2026.03.20	01:51:50.301	157.888	157.889			6
2026.03.20	01:51:51.208	157.891	157.892			6
2026.03.20	01:51:51.502	157.892	157.893			6
2026.03.20	01:51:51.803	157.891	157.892			6
2026.03.20	01:51:54.813	157.892	157.893			6
2026.03.20	01:51:55.110	157.891	157.892			6
2026.03.20	01:52:00.222	157.891				2
2026.03.20	01:52:03.224	157.892	157.893			6
2026.03.20	01:52:03.829	157.890	157.891			6
2026.03.20	01:52:04.124	157.891	157.892			6
2026.03.20	01:52:04.428	157.890	157.891			6
2026.03.20	01:52:04.725	157.891	157.892			6
2026.03.20	01:52:05.631	157.890	157.891			6
2026.03.20	01:52:07.134	157.888	157.889			6
2026.03.20	01:52:07.431	157.890	157.891			6
2026.03.20	01:52:08.031	157.889	157.890			6
2026.03.20	01:52:08.333	157.888	157.889			6
2026.03.20	01:52:10.434	157.889	157.890			6
2026.03.20	01:52:11.939	157.888	157.889			6
2026.03.20	01:52:12.241	157.890	157.891			6
2026.03.20	01:52:12.539	157.889	157.890			6
2026.03.20	01:52:12.838	157.890	157.891			6
2026.03.20	01:52:13.441	157.889	157.890			6
2026.03.20	01:52:21.858	157.890	157.891			6
2026.03.20	01:52:29.365	157.889	157.890			6
2026.03.20	01:52:29.663	157.890	157.891			6
2026.03.20	01:52:32.065	157.889	157.890			6
2026.03.20	01:52:32.665	157.888	157.889			6
2026.03.20	01:52:34.475	157.889	157.890			6
2026.03.20	01:52:35.675	157.887	157.888			6
2026.03.20	01:52:36.580	157.886	157.887			6
2026.03.20	01:52:36.879	157.887	157.888			6
2026.03.20	01:52:37.477	157.886	157.887			6
2026.03.20	01:52:38.682	157.887	157.888			6
2026.03.20	01:52:39.583	157.886	157.887			6
2026.03.20	01:52:39.884	157.887	157.888			6
2026.03.20	01:52:41.090	157.888	157.889			6
2026.03.20	01:52:41.393	157.887	157.888			6
2026.03.20	01:52:41.694	157.888	157.889			6
2026.03.20	01:52:41.995	157.887	157.888			6
2026.03.20	01:52:48.602	157.888	157.889			6
2026.03.20	01:52:51.011	157.887	157.888			6
2026.03.20	01:52:52.214	157.888	157.889			6
2026.03.20	01:52:53.414	157.887	157.888			6
2026.03.20	01:52:54.317	157.888	157.889			6
2026.03.20	01:52:55.219	157.887	157.888			6
2026.03.20	01:52:55.518	157.888	157.889			6
2026.03.20	01:52:56.719	157.887	157.888			6
2026.03.20	01:53:00.024	157.887				2
2026.03.20	01:53:01.228	157.888	157.889			6
2026.03.20	01:53:01.526	157.887	157.888			6
2026.03.20	01:53:01.825	157.886	157.887			6
2026.03.20	01:53:09.944	157.887	157.888			6
2026.03.20	01:53:12.041	157.889	157.890			6
2026.03.20	01:53:12.341	157.888	157.889			6
2026.03.20	01:53:16.862	157.887	157.888			6
2026.03.20	01:53:19.572	157.888	157.889			6
2026.03.20	01:53:28.900	157.876	157.877			6
2026.03.20	01:53:29.500	157.875	157.876			6
2026.03.20	01:53:29.804	157.873	157.874			6
2026.03.20	01:53:30.103	157.874	157.875			6
2026.03.20	01:53:30.705	157.873	157.874			6
2026.03.20	01:53:31.009	157.874	157.875			6
2026.03.20	01:53:32.209	157.875	157.876			6
2026.03.20	01:53:33.409	157.874	157.875			6
2026.03.20	01:53:34.009	157.875	157.876			6
2026.03.20	01:53:34.607	157.874	157.875			6
2026.03.20	01:53:35.210	157.875	157.876			6
2026.03.20	01:53:36.111	157.874	157.875			6
2026.03.20	01:53:37.017	157.878	157.879			6
2026.03.20	01:53:37.314	157.877	157.878			6
2026.03.20	01:53:37.920	157.878	157.879			6
2026.03.20	01:53:41.236	157.877	157.878			6
2026.03.20	01:53:43.637	157.878	157.879			6
2026.03.20	01:53:45.136	157.877	157.878			6
2026.03.20	01:53:45.438	157.876	157.877			6
2026.03.20	01:53:56.553	157.877	157.878			6
2026.03.20	01:54:00.154	157.876	157.877			6
2026.03.20	01:54:03.461	157.878	157.879			6
2026.03.20	01:54:04.063	157.877	157.878			6
2026.03.20	01:54:10.671	157.878	157.879			6
2026.03.20	01:54:11.876	157.877	157.878			6
2026.03.20	01:54:13.380	157.878	157.879			6
2026.03.20	01:54:13.686	157.877	157.878			6
2026.03.20	01:54:17.591	157.878	157.879			6
2026.03.20	01:54:19.091	157.877	157.878			6
2026.03.20	01:54:28.407	157.876	157.877			6
2026.03.20	01:54:28.713	157.877	157.878			6
2026.03.20	01:54:29.610	157.876	157.877			6
2026.03.20	01:54:30.810	157.877	157.878			6
2026.03.20	01:54:43.732	157.876	157.877			6
2026.03.20	01:54:51.554	157.875	157.876			6
2026.03.20	01:54:51.856	157.874	157.875			6
2026.03.20	01:54:53.660	157.873	157.874			6
2026.03.20	01:54:57.564	157.874	157.875			6
2026.03.20	01:54:58.164	157.875	157.876			6
2026.03.20	01:55:00.268	157.875				2
2026.03.20	01:55:01.772	157.874	157.875			6
2026.03.20	01:55:05.079	157.875	157.876			6
2026.03.20	01:55:15.301	157.874	157.875			6
2026.03.20	01:55:18.311	157.871	157.872			6
2026.03.20	01:55:22.825	157.872	157.873			6
2026.03.20	01:55:23.117	157.871	157.872			6
2026.03.20	01:55:25.218	157.872	157.873			6
2026.03.20	01:55:27.625	157.871	157.872			6
2026.03.20	01:55:30.637	157.868	157.869			6
2026.03.20	01:55:31.232	157.869	157.870			6
2026.03.20	01:55:31.535	157.868	157.869			6
2026.03.20	01:55:31.831	157.869	157.870			6
2026.03.20	01:55:32.133	157.868	157.869			6
2026.03.20	01:55:32.732	157.869	157.870			6
2026.03.20	01:55:33.032	157.873	157.874			6
2026.03.20	01:55:34.538	157.869	157.870			6
2026.03.20	01:55:34.838	157.868	157.869			6
2026.03.20	01:55:35.736	157.867	157.868			6
2026.03.20	01:55:36.339	157.873	157.874			6
2026.03.20	01:55:36.638	157.872	157.873			6
2026.03.20	01:55:37.235	157.873	157.874			6
2026.03.20	01:55:38.136	157.872	157.873			6
2026.03.20	01:55:38.438	157.873	157.874			6
2026.03.20	01:55:38.738	157.872	157.873			6
2026.03.20	01:55:39.038	157.873	157.874			6
2026.03.20	01:55:39.338	157.871	157.872			6
2026.03.20	01:55:41.440	157.872	157.873			6
2026.03.20	01:55:42.040	157.871	157.872			6
2026.03.20	01:55:42.340	157.870	157.871			6
2026.03.20	01:55:42.643	157.871	157.872			6
2026.03.20	01:55:45.942	157.870	157.871			6
2026.03.20	01:55:47.146	157.868	157.869			6
2026.03.20	01:55:47.448	157.867	157.868			6
2026.03.20	01:55:48.054	157.866	157.867			6
2026.03.20	01:55:48.354	157.867	157.868			6
2026.03.20	01:55:48.953	157.869	157.870			6
2026.03.20	01:55:49.253	157.868	157.869			6
2026.03.20	01:55:51.652	157.873	157.874			6
2026.03.20	01:55:51.954	157.874	157.875			6
2026.03.20	01:55:52.555	157.873	157.874			6
2026.03.20	01:55:54.960	157.874	157.875			6
2026.03.20	01:55:59.764	157.875	157.876			6
2026.03.20	01:56:00.064	157.875				2
2026.03.20	01:56:00.966	157.874	157.875			6
2026.03.20	01:56:08.496	157.875	157.876			6
2026.03.20	01:56:10.896	157.874	157.875			6
2026.03.20	01:56:12.097	157.872	157.873			6
2026.03.20	01:56:21.109	157.873	157.874			6
2026.03.20	01:56:26.527	157.866	157.867			6
2026.03.20	01:56:26.823	157.865	157.866			6
2026.03.20	01:56:31.334	157.862	157.863			6
2026.03.20	01:56:32.531	157.861	157.862			6
2026.03.20	01:56:43.044	157.867	157.868			6
2026.03.20	01:57:00.196	157.867				2
2026.03.20	01:57:01.705	157.873	157.874			6
2026.03.20	01:57:03.508	157.875	157.876			6
2026.03.20	01:57:04.405	157.874				2
2026.03.20	01:57:04.710	157.873	157.875			6
2026.03.20	01:57:05.307	157.875	157.876			6
2026.03.20	01:57:09.212	157.874	157.875			6
2026.03.20	01:57:09.513	157.875	157.876			6
2026.03.20	01:57:10.722	157.878	157.879			6
2026.03.20	01:57:11.323	157.879	157.880			6
2026.03.20	01:57:11.924	157.878	157.879			6
2026.03.20	01:57:13.122	157.877	157.878			6
2026.03.20	01:57:13.419	157.876	157.877			6
2026.03.20	01:57:13.723	157.877	157.878			6
2026.03.20	01:57:19.131	157.876	157.877			6
2026.03.20	01:57:19.432	157.874	157.875			6
2026.03.20	01:57:22.432	157.875	157.876			6
2026.03.20	01:57:22.731	157.874	157.875			6
2026.03.20	01:57:25.735	157.875	157.876			6
2026.03.20	01:57:34.141	157.874	157.875			6
2026.03.20	01:57:45.281	157.875	157.876			6
2026.03.20	01:57:50.399	157.874	157.875			6
2026.03.20	01:57:54.003	157.875	157.876			6
2026.03.20	01:57:54.299	157.874	157.875			6
2026.03.20	01:57:56.706	157.875	157.876			6
2026.03.20	01:57:58.810	157.874	157.875			6
2026.03.20	01:58:00.010	157.874				2
2026.03.20	01:58:01.218	157.875	157.876			6
2026.03.20	01:58:03.622	157.874	157.875			6
2026.03.20	01:58:05.120	157.875	157.876			6
2026.03.20	01:58:07.828	157.874	157.875			6
2026.03.20	01:58:11.431	157.875	157.876			6
2026.03.20	01:58:19.541	157.874	157.875			6
2026.03.20	01:58:20.143	157.875	157.876			6
2026.03.20	01:58:20.742	157.874	157.875			6
2026.03.20	01:58:26.755	157.875	157.876			6
2026.03.20	01:58:35.169	157.876	157.877			6
2026.03.20	01:58:35.469	157.875	157.876			6
2026.03.20	01:58:35.769	157.877	157.878			6
2026.03.20	01:58:36.067	157.876	157.877			6
2026.03.20	01:58:36.971	157.877	157.878			6
2026.03.20	01:58:40.579	157.876	157.877			6
2026.03.20	01:58:40.879	157.877	157.878			6
2026.03.20	01:58:42.081	157.875	157.876			6
2026.03.20	01:58:44.788	157.877	157.878			6
2026.03.20	01:58:46.891	157.879	157.880			6
2026.03.20	01:58:47.191	157.878	157.879			6
2026.03.20	01:58:47.491	157.879	157.880			6
2026.03.20	01:58:47.791	157.878	157.879			6
2026.03.20	01:58:53.803	157.877	157.878			6
2026.03.20	01:58:54.400	157.878	157.879			6
2026.03.20	01:58:54.703	157.877	157.878			6
2026.03.20	01:58:55.305	157.878	157.879			6
2026.03.20	01:58:55.907	157.877	157.878			6
2026.03.20	01:58:56.809	157.878	157.879			6
2026.03.20	01:59:00.109	157.878				2
2026.03.20	01:59:04.619	157.877	157.878			6
2026.03.20	01:59:06.725	157.878	157.879			6
2026.03.20	01:59:07.024	157.877	157.878			6
2026.03.20	01:59:13.334	157.878	157.879			6
2026.03.20	01:59:14.533	157.877	157.878			6
2026.03.20	01:59:15.139	157.878	157.879			6
2026.03.20	01:59:16.642	157.879	157.880			6
2026.03.20	01:59:17.838	157.878	157.879			6
2026.03.20	01:59:18.444	157.877	157.878			6
2026.03.20	01:59:19.646	157.879	157.880			6
2026.03.20	01:59:19.946	157.878	157.879			6
2026.03.20	01:59:21.148	157.877	157.878			6
2026.03.20	01:59:22.653	157.878	157.879			6
2026.03.20	01:59:24.763	157.877	157.878			6
2026.03.20	01:59:25.362	157.875	157.876			6
2026.03.20	01:59:28.371	157.874	157.875			6
2026.03.20	01:59:31.679	157.875	157.876			6
2026.03.20	01:59:40.401	157.874	157.875			6
2026.03.20	01:59:41.908	157.875	157.876			6
2026.03.20	01:59:43.105	157.874	157.875			6
2026.03.20	01:59:44.306	157.875	157.876			6
2026.03.20	01:59:44.610	157.877	157.878			6
2026.03.20	01:59:47.918	157.876	157.877			6
2026.03.20	01:59:50.023	157.877	157.878			6
2026.03.20	01:59:50.321	157.876	157.877			6
2026.03.20	01:59:51.822	157.877	157.878			6
2026.03.20	01:59:52.726	157.876	157.877			6
2026.03.20	01:59:53.929	157.877	157.878			6
