<DATE>	<TIME>	<BID>	<ASK>	<LAST>	<VOLUME>	<FLAGS>
2026.03.25	00:03:31.032	158.676	158.715			6
2026.03.25	00:03:40.417	158.682				2
2026.03.25	00:04:00.135	158.682				2
2026.03.25	00:04:10.907	158.676				2
2026.03.25	00:04:51.027		158.715			4
2026.03.25	00:04:54.111	158.682				2
2026.03.25	00:05:00.132	158.682				2
2026.03.25	00:05:00.434		158.713			4
2026.03.25	00:05:00.802	158.684				2
2026.03.25	00:05:02.982	158.686				2
2026.03.25	00:05:05.022		158.717			4
2026.03.25	00:05:05.323	158.687	158.715			6
2026.03.25	00:05:06.047	158.692	158.717			6
2026.03.25	00:05:06.349	158.687	158.713			6
2026.03.25	00:05:06.950		158.715			4
2026.03.25	00:05:07.610		158.713			4
2026.03.25	00:05:07.911		158.715			4
2026.03.25	00:05:08.612		158.713			4
2026.03.25	00:05:09.612		158.715			4
2026.03.25	00:06:00.138	158.687				2
2026.03.25	00:06:03.751		158.716			4
2026.03.25	00:06:06.294	158.689	158.718			6
2026.03.25	00:06:18.289	158.687	158.716			6
2026.03.25	00:06:32.926	158.682	158.710			6
2026.03.25	00:06:33.928	158.687	158.716			6
2026.03.25	00:06:34.428	158.682	158.710			6
2026.03.25	00:06:34.928	158.687	158.716			6
2026.03.25	00:07:02.782	158.687				2
2026.03.25	00:07:03.084	158.688				2
2026.03.25	00:07:18.869	158.687				2
2026.03.25	00:07:33.866	158.688				2
2026.03.25	00:07:36.550		158.716			4
2026.03.25	00:08:00.106	158.688				2
2026.03.25	00:08:04.536	158.687				2
2026.03.25	00:08:50.137		158.716			4
2026.03.25	00:08:52.516	158.688				2
2026.03.25	00:08:57.737		158.718			4
2026.03.25	00:08:58.038	158.689				2
2026.03.25	00:09:00.446	158.689				2
2026.03.25	00:09:31.350	158.684	158.714			6
2026.03.25	00:09:32.351	158.689	158.718			6
2026.03.25	00:09:33.851	158.684	158.714			6
2026.03.25	00:09:34.352	158.689	158.718			6
2026.03.25	00:10:00.071	158.689				2
2026.03.25	00:10:00.370	158.680				2
2026.03.25	00:10:00.976	158.689				2
2026.03.25	00:10:03.502	158.680				2
2026.03.25	00:10:04.056	158.686				2
2026.03.25	00:10:08.068	158.687				2
2026.03.25	00:10:12.237	158.680				2
2026.03.25	00:10:13.475	158.662	158.728			6
2026.03.25	00:11:00.113	158.662				2
2026.03.25	00:11:08.531	158.683	158.720			6
2026.03.25	00:11:24.191	158.691				2
2026.03.25	00:11:32.590	158.694	158.722			6
2026.03.25	00:11:33.377	158.695				2
2026.03.25	00:11:47.211	158.694				2
2026.03.25	00:11:55.141	158.686				2
2026.03.25	00:12:00.175	158.686				2
2026.03.25	00:12:29.033	158.666	158.715			6
2026.03.25	00:12:34.222		158.706			4
2026.03.25	00:12:41.246	158.678				2
2026.03.25	00:12:46.840	158.666				2
2026.03.25	00:12:47.207	158.678				2
2026.03.25	00:13:00.174	158.678				2
2026.03.25	00:13:06.421		158.705			4
2026.03.25	00:13:12.170	158.664				2
2026.03.25	00:13:14.914	158.666				2
2026.03.25	00:13:15.214	158.671	158.709			6
2026.03.25	00:14:01.028	158.671				2
2026.03.25	00:14:02.663	158.677				2
2026.03.25	00:14:15.245		158.709			4
2026.03.25	00:14:33.816	158.670				2
2026.03.25	00:14:53.822	158.677				2
2026.03.25	00:15:00.296	158.677				2
2026.03.25	00:15:16.287		158.709			4
2026.03.25	00:15:16.588	158.667	158.699			6
2026.03.25	00:15:25.319	158.650				2
2026.03.25	00:15:32.540		158.698			4
2026.03.25	00:15:41.575		158.697			4
2026.03.25	00:15:47.002		158.696			4
2026.03.25	00:15:48.809		158.697			4
2026.03.25	00:15:52.727		158.696			4
2026.03.25	00:15:54.234		158.697			4
2026.03.25	00:15:59.651	158.649	158.698			6
2026.03.25	00:16:00.253	158.649				2
2026.03.25	00:16:07.176		158.700			4
2026.03.25	00:16:08.377		158.699			4
2026.03.25	00:16:11.085		158.698			4
2026.03.25	00:16:12.290		158.697			4
2026.03.25	00:16:13.494	158.667				2
2026.03.25	00:16:15.300	158.659	158.689			6
2026.03.25	00:16:18.547		158.688			4
2026.03.25	00:16:20.952		158.689			4
2026.03.25	00:16:21.252		158.687			4
2026.03.25	00:16:32.230	158.655	158.681			6
2026.03.25	00:16:33.174	158.656				2
2026.03.25	00:16:44.033	158.645				2
2026.03.25	00:17:00.187	158.645				2
2026.03.25	00:17:10.555	158.656				2
2026.03.25	00:17:29.390	158.674	158.703			6
2026.03.25	00:17:30.294		158.704			4
2026.03.25	00:17:32.107		158.703			4
2026.03.25	00:17:35.419	158.688	158.716			6
2026.03.25	00:17:41.375	158.671				2
2026.03.25	00:17:49.176	158.681	158.718			6
2026.03.25	00:18:00.174	158.681				2
2026.03.25	00:18:30.172		158.715			4
2026.03.25	00:18:38.973	158.695				2
2026.03.25	00:18:42.359	158.674				2
2026.03.25	00:18:42.810	158.695				2
2026.03.25	00:18:43.742	158.678				2
2026.03.25	00:18:46.656	158.649	158.700			6
2026.03.25	00:18:47.559		158.699			4
2026.03.25	00:18:50.563		158.698			4
2026.03.25	00:18:51.765		158.697			4
2026.03.25	00:18:58.377	158.644	158.681			6
2026.03.25	00:19:00.546	158.644				2
2026.03.25	00:19:44.257	158.581	158.635			6
2026.03.25	00:19:52.145	158.580				2
2026.03.25	00:20:00.845	158.580				2
2026.03.25	00:20:04.445	158.579				2
2026.03.25	00:20:04.907		158.637			4
2026.03.25	00:20:15.624	158.580	158.636			6
2026.03.25	00:20:17.254		158.637			4
2026.03.25	00:20:20.946		158.636			4
2026.03.25	00:20:24.254		158.637			4
2026.03.25	00:20:25.734		158.635			4
2026.03.25	00:20:27.245	158.579				2
2026.03.25	00:20:40.474		158.636			4
2026.03.25	00:20:42.641		158.635			4
2026.03.25	00:20:43.687		158.636			4
2026.03.25	00:20:47.186	158.578				2
2026.03.25	00:20:51.345		158.635			4
2026.03.25	00:20:52.547		158.634			4
2026.03.25	00:20:54.652		158.632			4
2026.03.25	00:21:00.069	158.578				2
2026.03.25	00:21:14.206	158.577				2
2026.03.25	00:21:15.111		158.635			4
2026.03.25	00:21:20.832		158.634			4
2026.03.25	00:21:22.036		158.633			4
2026.03.25	00:21:29.255		158.632			4
2026.03.25	00:21:33.474		158.635			4
2026.03.25	00:21:33.775		158.632			4
2026.03.25	00:21:38.602	158.576				2
2026.03.25	00:22:00.264	158.576				2
2026.03.25	00:22:05.993	158.575				2
2026.03.25	00:22:07.500	158.574				2
2026.03.25	00:22:24.652	158.573				2
2026.03.25	00:22:33.385	158.567	158.629			6
2026.03.25	00:22:44.227	158.565	158.628			6
2026.03.25	00:22:45.130		158.632			4
2026.03.25	00:22:54.755		158.633			4
2026.03.25	00:23:00.169	158.565	158.632			6
2026.03.25	00:23:01.074		158.634			4
2026.03.25	00:23:02.275		158.632			4
2026.03.25	00:23:02.876		158.633			4
2026.03.25	00:23:03.779		158.635			4
2026.03.25	00:23:07.722		158.631			4
2026.03.25	00:23:08.927		158.629			4
2026.03.25	00:23:15.553		158.628			4
2026.03.25	00:23:16.755		158.629			4
2026.03.25	00:23:23.067		158.628			4
2026.03.25	00:23:32.409		158.629			4
2026.03.25	00:23:39.035		158.628			4
2026.03.25	00:23:55.880		158.632			4
2026.03.25	00:24:00.091	158.565				2
2026.03.25	00:24:03.096	158.568				2
2026.03.25	00:24:03.399		158.633			4
2026.03.25	00:24:07.613		158.634			4
2026.03.25	00:24:11.527	158.567				2
2026.03.25	00:24:14.540		158.635			4
2026.03.25	00:24:16.048		158.634			4
2026.03.25	00:24:33.507		158.635			4
2026.03.25	00:24:43.442	158.566				2
2026.03.25	00:24:51.269		158.629			4
2026.03.25	00:24:58.488	158.568				2
2026.03.25	00:25:00.294	158.568				2
2026.03.25	00:25:02.703		158.628			4
2026.03.25	00:25:11.737		158.629			4
2026.03.25	00:25:16.551		158.628			4
2026.03.25	00:25:22.867	158.565	158.622			6
2026.03.25	00:25:25.577		158.621			4
2026.03.25	00:25:27.385		158.623			4
2026.03.25	00:25:35.831		158.622			4
2026.03.25	00:25:43.662	158.564				2
2026.03.25	00:25:52.686		158.621			4
2026.03.25	00:25:58.399		158.618			4
2026.03.25	00:26:00.206	158.564				2
2026.03.25	00:26:03.512		158.617			4
2026.03.25	00:26:11.628		158.619			4
2026.03.25	00:26:14.337		158.621			4
2026.03.25	00:26:26.062	158.587				2
2026.03.25	00:26:26.367	158.564				2
2026.03.25	00:26:26.667	158.587				2
2026.03.25	00:26:26.968	158.564				2
2026.03.25	00:26:27.268	158.587				2
2026.03.25	00:26:27.569	158.564				2
2026.03.25	00:26:27.869	158.587				2
2026.03.25	00:26:28.169	158.564				2
2026.03.25	00:26:28.470	158.587				2
2026.03.25	00:26:28.771	158.564				2
2026.03.25	00:26:29.071	158.587				2
2026.03.25	00:26:29.372	158.564				2
2026.03.25	00:26:35.992	158.567				2
2026.03.25	00:26:53.553	158.586				2
2026.03.25	00:26:53.890	158.567				2
2026.03.25	00:26:54.195	158.586				2
2026.03.25	00:26:54.496	158.567				2
2026.03.25	00:26:54.798	158.586				2
2026.03.25	00:26:55.101	158.567				2
2026.03.25	00:26:55.403	158.586				2
2026.03.25	00:26:55.736	158.567				2
2026.03.25	00:26:56.036	158.586				2
2026.03.25	00:26:56.335	158.567				2
2026.03.25	00:26:56.636	158.586				2
2026.03.25	00:26:56.936	158.567				2
2026.03.25	00:26:58.423		158.622			4
2026.03.25	00:27:00.245	158.567				2
2026.03.25	00:27:12.942	158.568				2
2026.03.25	00:27:28.745	158.569				2
2026.03.25	00:28:02.945	158.569	158.622			6
2026.03.25	00:28:11.192	158.572				2
2026.03.25	00:28:16.746	158.571				2
2026.03.25	00:29:00.793	158.571	158.620			6
2026.03.25	00:29:03.381	158.573				2
2026.03.25	00:29:18.423		158.622			4
2026.03.25	00:29:24.805		158.621			4
2026.03.25	00:29:38.263		158.620			4
2026.03.25	00:29:38.564	158.574	158.621			6
2026.03.25	00:30:00.091	158.574				2
2026.03.25	00:30:00.393	158.570	158.618			6
2026.03.25	00:30:01.294		158.619			4
2026.03.25	00:30:01.895	158.571	158.620			6
2026.03.25	00:30:02.495	158.570				2
2026.03.25	00:30:04.597		158.621			4
2026.03.25	00:30:07.008	158.571	158.622			6
2026.03.25	00:30:12.423		158.623			4
2026.03.25	00:30:15.644	158.570				2
2026.03.25	00:30:20.946	158.571				2
2026.03.25	00:30:21.809	158.564	158.701			6
2026.03.25	00:30:22.108		158.729			4
2026.03.25	00:30:23.708		158.730			4
2026.03.25	00:30:24.459		158.729			4
2026.03.25	00:30:25.059		158.727			4
2026.03.25	00:30:25.360		158.726			4
2026.03.25	00:30:26.263	158.565				2
2026.03.25	00:30:27.163	158.564				2
2026.03.25	00:30:28.363	158.565	158.728			6
2026.03.25	00:30:28.964	158.590	158.719			6
2026.03.25	00:30:29.565		158.720			4
2026.03.25	00:30:29.864		158.721			4
2026.03.25	00:30:31.065		158.722			4
2026.03.25	00:30:32.575	158.615	158.717			6
2026.03.25	00:30:36.188		158.718			4
2026.03.25	00:30:36.489		158.717			4
2026.03.25	00:30:37.093		158.718			4
2026.03.25	00:30:38.598		158.719			4
2026.03.25	00:30:39.202		158.718			4
2026.03.25	00:30:40.709		158.719			4
2026.03.25	00:30:44.014		158.720			4
2026.03.25	00:30:44.620		158.723			4
2026.03.25	00:30:54.865	158.617	158.713			6
2026.03.25	00:31:00.174	158.617				2
2026.03.25	00:31:00.474		158.714			4
2026.03.25	00:31:01.745	158.618	158.713			6
2026.03.25	00:31:03.544	158.617				2
2026.03.25	00:31:09.577	158.642	158.724			6
2026.03.25	00:31:11.752		158.722			4
2026.03.25	00:31:12.052		158.719			4
2026.03.25	00:31:19.768		158.720			4
2026.03.25	00:31:23.151		158.717			4
2026.03.25	00:31:23.452		158.714			4
2026.03.25	00:31:30.175		158.713			4
2026.03.25	00:31:31.289		158.711			4
2026.03.25	00:31:34.582		158.705			4
2026.03.25	00:31:42.334	158.643				2
2026.03.25	00:31:42.635	158.642				2
2026.03.25	00:31:43.839	158.643				2
2026.03.25	00:31:51.658	158.644				2
2026.03.25	00:32:00.078	158.643				2
2026.03.25	00:32:12.411	158.644				2
2026.03.25	00:32:14.221	158.642				2
2026.03.25	00:32:27.652	158.652	158.707			6
2026.03.25	00:32:35.347	158.653				2
2026.03.25	00:32:37.150	158.652				2
2026.03.25	00:32:38.181	158.662	158.709			6
2026.03.25	00:33:00.111	158.662				2
2026.03.25	00:33:05.983	158.672	158.711			6
2026.03.25	00:34:00.173	158.672				2
2026.03.25	00:34:08.046		158.711			4
2026.03.25	00:34:15.959		158.710			4
2026.03.25	00:35:00.174	158.672				2
2026.03.25	00:35:04.103	158.644	158.704			6
2026.03.25	00:35:04.404	158.645				2
2026.03.25	00:35:06.083	158.644				2
2026.03.25	00:35:50.698	158.645				2
2026.03.25	00:35:55.151	158.654				2
2026.03.25	00:35:57.245	158.653				2
2026.03.25	00:35:57.547	158.652				2
2026.03.25	00:35:59.569		158.705			4
2026.03.25	00:36:02.130	158.652				2
2026.03.25	00:36:03.330	158.648	158.680			6
2026.03.25	00:36:03.630		158.678			4
2026.03.25	00:36:35.751		158.680			4
2026.03.25	00:37:00.174	158.648				2
2026.03.25	00:37:30.174		158.679			4
2026.03.25	00:38:00.174	158.648				2
2026.03.25	00:38:11.737	158.653				2
2026.03.25	00:38:12.739	158.648				2
2026.03.25	00:38:30.174		158.679			4
2026.03.25	00:38:33.786	158.649				2
2026.03.25	00:38:46.667	158.648				2
2026.03.25	00:39:00.250	158.648				2
2026.03.25	00:39:30.174		158.679			4
2026.03.25	00:40:00.174	158.648				2
2026.03.25	00:40:29.055		158.682			4
2026.03.25	00:40:31.961	158.647				2
2026.03.25	00:40:32.946	158.648				2
2026.03.25	00:40:35.346		158.683			4
2026.03.25	00:40:36.036		158.681			4
2026.03.25	00:41:00.251	158.648				2
2026.03.25	00:41:10.150	158.649				2
2026.03.25	00:41:37.445		158.681			4
2026.03.25	00:41:53.756		158.680			4
2026.03.25	00:42:01.146	158.649				2
2026.03.25	00:42:13.319	158.648				2
2026.03.25	00:42:54.499		158.680			4
2026.03.25	00:43:00.213	158.648				2
2026.03.25	00:43:00.513		158.679			4
2026.03.25	00:43:04.476		158.680			4
2026.03.25	00:43:22.243		158.679			4
2026.03.25	00:43:27.545		158.680			4
2026.03.25	00:43:30.697		158.679			4
2026.03.25	00:43:34.910	158.649				2
2026.03.25	00:43:35.210	158.648				2
2026.03.25	00:44:00.395	158.648				2
2026.03.25	00:44:00.998		158.670			4
2026.03.25	00:44:15.541		158.669			4
2026.03.25	00:45:02.346	158.648				2
2026.03.25	00:45:03.022	158.628	158.694			6
2026.03.25	00:45:06.630	158.649	158.670			6
2026.03.25	00:45:06.930	158.648	158.669			6
2026.03.25	00:46:00.248	158.648				2
2026.03.25	00:46:14.541		158.669			4
2026.03.25	00:46:18.196	158.652	158.671			6
2026.03.25	00:46:18.798	158.648	158.669			6
2026.03.25	00:46:19.196	158.652	158.671			6
2026.03.25	00:46:19.699	158.648	158.669			6
2026.03.25	00:46:20.197	158.652	158.671			6
2026.03.25	00:46:20.698	158.648	158.664			6
2026.03.25	00:46:21.327		158.669			4
2026.03.25	00:46:21.698	158.652	158.671			6
2026.03.25	00:46:22.301	158.648	158.669			6
2026.03.25	00:46:46.559		158.678			4
2026.03.25	00:46:52.799		158.675			4
2026.03.25	00:47:00.790	158.648				2
2026.03.25	00:47:03.225	158.625	158.691			6
2026.03.25	00:47:06.544	158.642	158.682			6
2026.03.25	00:47:06.914	158.649	158.676			6
2026.03.25	00:47:07.218	158.648	158.679			6
2026.03.25	00:47:08.946		158.678			4
2026.03.25	00:47:12.845		158.679			4
2026.03.25	00:47:22.269		158.678			4
2026.03.25	00:47:25.385		158.677			4
2026.03.25	00:47:30.845		158.678			4
2026.03.25	00:47:40.145		158.677			4
2026.03.25	00:47:43.146		158.678			4
2026.03.25	00:47:50.429		158.681			4
2026.03.25	00:48:06.262	158.648				2
2026.03.25	00:48:09.572	158.653	158.684			6
2026.03.25	00:49:00.247	158.653				2
2026.03.25	00:49:10.746		158.684			4
2026.03.25	00:49:18.251	158.654				2
2026.03.25	00:50:00.245	158.654				2
2026.03.25	00:50:10.466	158.649	158.676			6
2026.03.25	00:50:11.607	158.648				2
2026.03.25	00:50:18.554		158.674			4
2026.03.25	00:50:18.854		158.676			4
2026.03.25	00:50:39.085		158.677			4
2026.03.25	00:50:46.367		158.676			4
2026.03.25	00:50:49.375		158.675			4
2026.03.25	00:50:49.675		158.673			4
2026.03.25	00:51:01.264	158.648				2
2026.03.25	00:51:22.070		158.674			4
2026.03.25	00:51:24.173		158.673			4
2026.03.25	00:51:46.345		158.675			4
2026.03.25	00:51:46.647		158.673			4
2026.03.25	00:51:49.113		158.675			4
2026.03.25	00:51:58.384		158.677			4
2026.03.25	00:52:01.146	158.648				2
2026.03.25	00:52:09.549		158.676			4
2026.03.25	00:52:10.227	158.647				2
2026.03.25	00:52:12.846		158.677			4
2026.03.25	00:52:32.458	158.648				2
2026.03.25	00:53:00.924	158.648				2
2026.03.25	00:53:14.567		158.677			4
2026.03.25	00:53:33.211	158.647				2
2026.03.25	00:53:33.899	158.648				2
2026.03.25	00:53:36.470	158.647				2
2026.03.25	00:53:37.627	158.648				2
2026.03.25	00:53:38.736		158.676			4
2026.03.25	00:53:39.037		158.677			4
2026.03.25	00:53:51.545		158.678			4
2026.03.25	00:53:54.802		158.682			4
2026.03.25	00:54:04.857	158.648				2
2026.03.25	00:54:55.446		158.682			4
2026.03.25	00:55:00.772	158.648				2
2026.03.25	00:55:09.255	158.642	158.686			6
2026.03.25	00:55:09.555	158.648	158.682			6
2026.03.25	00:56:00.010	158.648				2
2026.03.25	00:56:09.637		158.682			4
2026.03.25	00:56:22.566		158.678			4
2026.03.25	00:56:34.911		158.679			4
2026.03.25	00:56:41.823		158.678			4
2026.03.25	00:56:49.339		158.679			4
2026.03.25	00:56:52.349		158.678			4
2026.03.25	00:56:58.662		158.679			4
2026.03.25	00:56:58.964		158.674			4
2026.03.25	00:56:59.866		158.676			4
2026.03.25	00:57:00.168	158.648				2
2026.03.25	00:57:12.206		158.677			4
2026.03.25	00:57:14.610		158.676			4
2026.03.25	00:57:24.535		158.678			4
2026.03.25	00:57:29.650		158.676			4
2026.03.25	00:57:34.155		158.675			4
2026.03.25	00:57:37.460		158.679			4
2026.03.25	00:57:37.760		158.676			4
2026.03.25	00:57:42.261		158.675			4
2026.03.25	00:58:00.013	158.648				2
2026.03.25	00:58:02.117	158.664				2
2026.03.25	00:58:02.425	158.648				2
2026.03.25	00:58:02.718	158.664				2
2026.03.25	00:58:03.019	158.648				2
2026.03.25	00:58:03.318	158.664				2
2026.03.25	00:58:03.620	158.648				2
2026.03.25	00:58:03.921	158.664	158.677			6
2026.03.25	00:58:04.220	158.648				2
2026.03.25	00:58:04.524	158.664	158.675			6
2026.03.25	00:58:04.822	158.648				2
2026.03.25	00:58:05.122	158.664				2
2026.03.25	00:58:05.430	158.648				2
2026.03.25	00:58:12.341		158.677			4
2026.03.25	00:58:13.848		158.674			4
2026.03.25	00:58:19.268		158.678			4
2026.03.25	00:58:27.999		158.676			4
2026.03.25	00:58:30.404	158.663				2
2026.03.25	00:58:30.704	158.648				2
2026.03.25	00:58:31.304	158.663				2
2026.03.25	00:58:31.606	158.648				2
2026.03.25	00:58:31.906	158.663				2
2026.03.25	00:58:32.207	158.648	158.677			6
2026.03.25	00:58:32.513	158.663				2
2026.03.25	00:58:32.809	158.648				2
2026.03.25	00:58:33.109	158.663				2
2026.03.25	00:58:33.415	158.648				2
2026.03.25	00:58:33.710	158.663				2
2026.03.25	00:58:34.015	158.648	158.675			6
2026.03.25	00:58:40.032		158.677			4
2026.03.25	00:58:42.435		158.676			4
2026.03.25	00:58:52.353		158.677			4
2026.03.25	00:58:59.578		158.676			4
2026.03.25	00:58:59.878		158.677			4
2026.03.25	00:59:00.177	158.648				2
2026.03.25	00:59:01.086	158.649				2
2026.03.25	00:59:01.379	158.648				2
2026.03.25	00:59:02.282		158.676			4
2026.03.25	00:59:02.578		158.677			4
2026.03.25	00:59:03.181		158.675			4
2026.03.25	00:59:07.104		158.677			4
2026.03.25	00:59:11.018		158.676			4
2026.03.25	00:59:11.924	158.622	158.677			6
2026.03.25	00:59:12.216	158.623	158.670			6
2026.03.25	00:59:14.032	158.622				2
2026.03.25	00:59:14.330		158.669			4
2026.03.25	00:59:15.528		158.670			4
2026.03.25	00:59:17.944	158.637				2
2026.03.25	00:59:18.237		158.673			4
2026.03.25	00:59:19.141	158.638				2
2026.03.25	00:59:21.846	158.637				2
2026.03.25	00:59:32.974	158.638				2
2026.03.25	00:59:34.173		158.674			4
2026.03.25	00:59:47.412	158.636	158.679			6
2026.03.25	00:59:48.918	158.637	158.673			6
2026.03.25	00:59:49.219		158.674			4
2026.03.25	00:59:58.251	158.638	158.682			6
2026.03.25	01:00:00.054	158.637	158.664			6
2026.03.25	01:00:00.354	158.650	158.658			6
2026.03.25	01:00:00.654	158.654	158.660			6
2026.03.25	01:00:01.255	158.625	158.667			6
2026.03.25	01:00:01.556	158.621	158.659			6
2026.03.25	01:00:01.858	158.590	158.666			6
2026.03.25	01:00:02.157	158.589				2
2026.03.25	01:00:02.457	158.590	158.664			6
2026.03.25	01:00:03.358		158.665			4
2026.03.25	01:00:03.658	158.601	158.658			6
2026.03.25	01:00:03.958	158.602	158.661			6
2026.03.25	01:00:04.258	158.610	158.675			6
2026.03.25	01:00:04.559	158.628	158.679			6
2026.03.25	01:00:04.859		158.680			4
2026.03.25	01:00:05.159	158.629	158.679			6
2026.03.25	01:00:05.460	158.632	158.682			6
2026.03.25	01:00:06.961	158.638				2
2026.03.25	01:00:07.260	158.637	158.678			6
2026.03.25	01:00:07.561		158.680			4
2026.03.25	01:00:08.462		158.678			4
2026.03.25	01:00:08.763		158.679			4
2026.03.25	01:00:09.064		158.678			4
2026.03.25	01:00:09.665		158.680			4
2026.03.25	01:00:10.565		158.679			4
2026.03.25	01:00:12.067		158.680			4
2026.03.25	01:00:12.668		158.684			4
2026.03.25	01:00:12.967		158.686			4
2026.03.25	01:00:13.267		158.685			4
2026.03.25	01:00:13.868		158.684			4
2026.03.25	01:00:14.468		158.682			4
2026.03.25	01:00:15.369	158.638				2
2026.03.25	01:00:16.570	158.637				2
2026.03.25	01:00:17.472	158.638				2
2026.03.25	01:00:20.478	158.639	158.684			6
2026.03.25	01:00:20.777	158.638	158.682			6
2026.03.25	01:00:21.079		158.687			4
2026.03.25	01:00:22.878		158.686			4
2026.03.25	01:00:24.980		158.684			4
2026.03.25	01:00:25.281	158.639	158.686			6
2026.03.25	01:00:25.582	158.642	158.684			6
2026.03.25	01:00:25.882		158.685			4
2026.03.25	01:00:26.181		158.689			4
2026.03.25	01:00:26.781		158.687			4
2026.03.25	01:00:27.382	158.644				2
2026.03.25	01:00:28.587		158.688			4
2026.03.25	01:00:30.088		158.682			4
2026.03.25	01:00:30.388	158.645				2
2026.03.25	01:00:33.996	158.643	158.683			6
2026.03.25	01:00:34.296	158.661	158.666			6
2026.03.25	01:00:35.198		158.665			4
2026.03.25	01:00:35.499	158.660				2
2026.03.25	01:00:36.700	158.661	158.666			6
2026.03.25	01:00:39.403	158.662	158.667			6
2026.03.25	01:00:40.305	158.647	158.664			6
2026.03.25	01:00:40.604	158.656	158.657			6
2026.03.25	01:00:43.006	158.647	158.663			6
2026.03.25	01:00:45.710	158.657	158.658			6
2026.03.25	01:00:49.015	158.646	158.663			6
2026.03.25	01:00:50.225	158.657	158.658			6
2026.03.25	01:00:50.519	158.656	158.657			6
2026.03.25	01:00:50.818	158.657	158.658			6
2026.03.25	01:00:51.420	158.656	158.657			6
2026.03.25	01:00:55.927	158.657	158.658			6
2026.03.25	01:00:57.732	158.656	158.657			6
2026.03.25	01:00:59.834	158.648	158.664			6
2026.03.25	01:01:00.135	158.657	158.658			6
2026.03.25	01:01:02.537	158.682	158.683			6
2026.03.25	01:01:02.839	158.681	158.682			6
2026.03.25	01:01:03.139	158.679	158.680			6
2026.03.25	01:01:03.439	158.678	158.679			6
2026.03.25	01:01:06.741	158.679	158.680			6
2026.03.25	01:01:07.642	158.678	158.679			6
2026.03.25	01:01:09.143	158.676	158.677			6
2026.03.25	01:01:09.441	158.675	158.676			6
2026.03.25	01:01:11.245	158.676	158.677			6
2026.03.25	01:01:11.849	158.675	158.676			6
2026.03.25	01:01:15.454	158.676	158.677			6
2026.03.25	01:01:15.754	158.675	158.676			6
2026.03.25	01:01:16.356	158.676	158.677			6
2026.03.25	01:01:17.558	158.675	158.676			6
2026.03.25	01:01:18.157	158.676	158.677			6
2026.03.25	01:01:19.663	158.685	158.686			6
2026.03.25	01:01:19.961	158.686	158.687			6
2026.03.25	01:01:20.866	158.685	158.686			6
2026.03.25	01:01:21.461	158.686	158.687			6
2026.03.25	01:01:22.364	158.685	158.686			6
2026.03.25	01:01:24.766	158.686	158.687			6
2026.03.25	01:01:25.071	158.685	158.686			6
2026.03.25	01:01:26.870	158.674	158.675			6
2026.03.25	01:01:27.171	158.675	158.676			6
2026.03.25	01:01:31.972	158.676	158.677			6
2026.03.25	01:01:32.279	158.675	158.676			6
2026.03.25	01:01:35.281	158.674	158.675			6
2026.03.25	01:01:37.079	158.675	158.676			6
2026.03.25	01:01:37.983	158.674	158.675			6
2026.03.25	01:01:42.186	158.675	158.676			6
2026.03.25	01:01:43.692	158.674	158.675			6
2026.03.25	01:01:44.287	158.675	158.676			6
2026.03.25	01:01:46.393	158.680	158.681			6
2026.03.25	01:01:49.696	158.681	158.682			6
2026.03.25	01:01:56.906	158.680	158.681			6
2026.03.25	01:01:59.010	158.681	158.682			6
2026.03.25	01:02:00.217	158.681				2
2026.03.25	01:02:01.425	158.680	158.681			6
2026.03.25	01:02:03.825	158.681	158.682			6
2026.03.25	01:02:04.724	158.680	158.681			6
2026.03.25	01:02:05.324	158.681	158.682			6
2026.03.25	01:02:07.125	158.680	158.681			6
2026.03.25	01:02:08.928	158.681	158.682			6
2026.03.25	01:02:12.834	158.680	158.681			6
2026.03.25	01:02:14.937	158.681	158.682			6
2026.03.25	01:02:16.138	158.680	158.681			6
2026.03.25	01:02:18.239	158.681	158.682			6
2026.03.25	01:02:18.541	158.680	158.681			6
2026.03.25	01:02:20.642	158.681	158.682			6
2026.03.25	01:02:22.745	158.680	158.681			6
2026.03.25	01:02:26.954	158.681	158.682			6
2026.03.25	01:02:27.854	158.680	158.681			6
2026.03.25	01:02:31.757	158.681	158.682			6
2026.03.25	01:02:32.362	158.680	158.681			6
2026.03.25	01:02:38.964	158.673	158.674			6
2026.03.25	01:02:39.265	158.670	158.671			6
2026.03.25	01:02:39.568	158.669	158.670			6
2026.03.25	01:02:42.871	158.670	158.671			6
2026.03.25	01:02:44.674	158.669	158.670			6
2026.03.25	01:02:46.183	158.670	158.671			6
2026.03.25	01:02:47.681	158.671	158.672			6
2026.03.25	01:02:48.584	158.670	158.671			6
2026.03.25	01:02:48.878	158.665	158.666			6
2026.03.25	01:02:50.680	158.666	158.667			6
2026.03.25	01:02:52.783	158.665	158.666			6
2026.03.25	01:02:53.384	158.656	158.657			6
2026.03.25	01:02:59.401	158.657	158.658			6
2026.03.25	01:03:00.001	158.657				2
2026.03.25	01:03:00.603	158.658	158.659			6
2026.03.25	01:03:01.504	158.659	158.660			6
2026.03.25	01:03:02.406	158.658	158.659			6
2026.03.25	01:03:04.509	158.657	158.658			6
2026.03.25	01:03:39.373	158.656	158.657			6
2026.03.25	01:03:41.178	158.657	158.658			6
2026.03.25	01:03:42.078	158.656	158.657			6
2026.03.25	01:03:45.088	158.657	158.658			6
2026.03.25	01:03:48.099	158.656	158.657			6
2026.03.25	01:03:48.701	158.657	158.658			6
2026.03.25	01:03:55.010	158.656	158.657			6
2026.03.25	01:04:00.120	158.656				2
2026.03.25	01:04:00.419	158.657	158.658			6
2026.03.25	01:04:04.326	158.656	158.657			6
2026.03.25	01:04:08.538	158.655	158.656			6
2026.03.25	01:04:09.439	158.656	158.657			6
2026.03.25	01:04:11.839	158.655	158.656			6
2026.03.25	01:04:12.143	158.656	158.657			6
2026.03.25	01:04:19.352	158.655	158.656			6
2026.03.25	01:04:26.264	158.656	158.657			6
2026.03.25	01:04:31.969	158.655	158.656			6
2026.03.25	01:04:45.192	158.647	158.648			6
2026.03.25	01:04:45.486	158.641	158.642			6
2026.03.25	01:04:45.787	158.638	158.639			6
2026.03.25	01:04:46.086	158.634	158.635			6
2026.03.25	01:04:46.985	158.633	158.634			6
2026.03.25	01:04:47.286	158.632	158.633			6
2026.03.25	01:04:52.092	158.637	158.638			6
2026.03.25	01:04:55.699	158.638	158.639			6
2026.03.25	01:04:57.203	158.637	158.638			6
2026.03.25	01:05:00.207	158.644	158.645			6
2026.03.25	01:05:01.408	158.648	158.649			6
2026.03.25	01:05:01.709	158.647	158.648			6
2026.03.25	01:05:06.515	158.650	158.651			6
2026.03.25	01:05:06.815	158.652	158.653			6
2026.03.25	01:05:07.117	158.655	158.656			6
2026.03.25	01:05:07.719	158.654	158.655			6
2026.03.25	01:05:08.018	158.655	158.656			6
2026.03.25	01:05:08.621	158.654	158.655			6
2026.03.25	01:05:09.220	158.653	158.654			6
2026.03.25	01:05:09.821	158.652	158.653			6
2026.03.25	01:05:11.621	158.651	158.652			6
2026.03.25	01:05:13.422	158.652	158.653			6
2026.03.25	01:05:14.324	158.651	158.652			6
2026.03.25	01:05:20.640	158.650	158.651			6
2026.03.25	01:05:21.551	158.654	158.655			6
2026.03.25	01:05:22.745	158.649	158.650			6
2026.03.25	01:05:23.345	158.647	158.648			6
2026.03.25	01:05:24.553	158.646	158.647			6
2026.03.25	01:05:24.851	158.647	158.648			6
2026.03.25	01:05:25.158	158.646	158.647			6
2026.03.25	01:05:25.458	158.643	158.644			6
2026.03.25	01:05:25.752	158.644	158.645			6
2026.03.25	01:05:26.058	158.643	158.644			6
2026.03.25	01:05:26.657	158.645	158.646			6
2026.03.25	01:05:29.961	158.648	158.649			6
2026.03.25	01:05:30.556	158.639	158.640			6
2026.03.25	01:05:36.560	158.638	158.639			6
2026.03.25	01:05:45.875	158.637	158.638			6
2026.03.25	01:05:46.778	158.638	158.639			6
2026.03.25	01:05:47.078	158.640	158.641			6
2026.03.25	01:05:47.679	158.638	158.639			6
2026.03.25	01:05:49.181	158.637	158.638			6
2026.03.25	01:05:55.196	158.636	158.637			6
2026.03.25	01:05:56.691	158.637	158.638			6
2026.03.25	01:06:00.004	158.637				2
2026.03.25	01:06:00.301	158.636	158.637			6
2026.03.25	01:06:00.601	158.640	158.641			6
2026.03.25	01:06:01.803	158.641	158.642			6
2026.03.25	01:06:06.916	158.642	158.643			6
2026.03.25	01:06:17.126	158.640	158.641			6
2026.03.25	01:06:18.029	158.641	158.642			6
2026.03.25	01:06:20.431	158.640	158.641			6
2026.03.25	01:06:24.642	158.641	158.642			6
2026.03.25	01:06:24.939	158.642	158.643			6
2026.03.25	01:06:26.145	158.640	158.641			6
2026.03.25	01:06:38.457	158.638	158.639			6
2026.03.25	01:06:39.358	158.636	158.637			6
2026.03.25	01:06:42.059	158.635	158.636			6
2026.03.25	01:06:43.266	158.636	158.637			6
2026.03.25	01:06:43.865	158.637	158.638			6
2026.03.25	01:06:58.583	158.626	158.627			6
2026.03.25	01:06:58.882	158.627	158.628			6
2026.03.25	01:07:00.085	158.632	158.633			6
2026.03.25	01:07:01.292	158.633	158.634			6
2026.03.25	01:07:03.389	158.629	158.630			6
2026.03.25	01:07:03.688	158.631	158.632			6
2026.03.25	01:07:03.987	158.629	158.630			6
2026.03.25	01:07:04.288	158.628	158.629			6
2026.03.25	01:07:09.404	158.627	158.628			6
2026.03.25	01:07:13.006	158.626	158.627			6
2026.03.25	01:07:16.310	158.625	158.626			6
2026.03.25	01:07:25.630	158.628	158.629			6
2026.03.25	01:07:25.935	158.631	158.632			6
2026.03.25	01:07:26.530	158.632	158.633			6
2026.03.25	01:07:32.240	158.633	158.634			6
2026.03.25	01:07:37.347	158.637	158.638			6
2026.03.25	01:07:46.375	158.636	158.637			6
2026.03.25	01:07:47.278	158.637	158.638			6
2026.03.25	01:07:50.893	158.636	158.637			6
2026.03.25	01:07:52.392	158.637	158.638			6
2026.03.25	01:07:56.002	158.647	158.648			6
2026.03.25	01:07:59.005	158.648	158.649			6
2026.03.25	01:08:00.206	158.648				2
2026.03.25	01:08:02.615	158.649	158.650			6
2026.03.25	01:08:05.013	158.646	158.647			6
2026.03.25	01:08:05.927	158.647	158.648			6
2026.03.25	01:08:10.125	158.648	158.649			6
2026.03.25	01:08:11.331	158.649	158.650			6
2026.03.25	01:08:30.266	158.650	158.651			6
2026.03.25	01:08:40.768	158.645	158.646			6
2026.03.25	01:08:41.069	158.646	158.647			6
2026.03.25	01:08:42.574	158.647	158.648			6
2026.03.25	01:08:42.870	158.646	158.647			6
2026.03.25	01:08:44.374	158.647	158.648			6
2026.03.25	01:08:45.877	158.646	158.647			6
2026.03.25	01:08:50.087	158.648	158.649			6
2026.03.25	01:08:51.893	158.647	158.648			6
2026.03.25	01:08:58.201	158.648	158.649			6
2026.03.25	01:09:00.005	158.648				2
2026.03.25	01:09:00.307	158.645	158.646			6
2026.03.25	01:09:01.810	158.632	158.633			6
2026.03.25	01:09:03.315	158.630	158.631			6
2026.03.25	01:09:03.616	158.612	158.613			6
2026.03.25	01:09:03.918	158.611	158.612			6
2026.03.25	01:09:04.218	158.610				2
2026.03.25	01:09:04.817	158.608	158.611			6
2026.03.25	01:09:05.418	158.607	158.610			6
2026.03.25	01:09:08.422	158.608	158.611			6
2026.03.25	01:09:10.223	158.607	158.610			6
2026.03.25	01:09:10.826	158.609	158.612			6
2026.03.25	01:09:11.428	158.616	158.619			6
2026.03.25	01:09:11.729	158.619	158.622			6
2026.03.25	01:09:12.030	158.620	158.623			6
2026.03.25	01:09:12.332	158.619				2
2026.03.25	01:09:12.631	158.620				2
2026.03.25	01:09:18.646	158.621	158.624			6
2026.03.25	01:09:26.758	158.620	158.623			6
2026.03.25	01:09:27.059	158.621	158.624			6
2026.03.25	01:09:31.876	158.620	158.623			6
2026.03.25	01:09:35.791	158.625	158.628			6
2026.03.25	01:09:37.585	158.624	158.627			6
2026.03.25	01:09:38.184	158.625				2
2026.03.25	01:09:39.387	158.626	158.628			6
2026.03.25	01:09:40.291	158.628	158.630			6
2026.03.25	01:09:42.997	158.634	158.636			6
2026.03.25	01:09:43.298	158.637	158.640			6
2026.03.25	01:09:44.198	158.638	158.641			6
2026.03.25	01:09:45.098		158.640			4
2026.03.25	01:09:56.219	158.639	158.641			6
2026.03.25	01:10:00.133	158.641	158.643			6
2026.03.25	01:10:04.339		158.642			4
2026.03.25	01:10:09.143	158.640	158.641			6
2026.03.25	01:10:09.443	158.641	158.642			6
2026.03.25	01:10:10.644	158.640	158.641			6
2026.03.25	01:10:11.243	158.641	158.642			6
2026.03.25	01:10:11.544	158.640	158.641			6
2026.03.25	01:10:12.445	158.637	158.638			6
2026.03.25	01:10:18.459	158.641	158.642			6
2026.03.25	01:10:20.558	158.642	158.643			6
2026.03.25	01:10:21.463	158.641	158.642			6
2026.03.25	01:10:22.060	158.642	158.643			6
2026.03.25	01:10:40.995	158.645	158.646			6
2026.03.25	01:10:44.302	158.644	158.645			6
2026.03.25	01:10:44.603	158.645	158.646			6
2026.03.25	01:10:45.807	158.647	158.648			6
2026.03.25	01:10:53.319	158.646	158.647			6
2026.03.25	01:10:53.620	158.647	158.648			6
2026.03.25	01:10:54.822	158.646	158.647			6
2026.03.25	01:10:56.029	158.647	158.648			6
2026.03.25	01:10:58.129	158.656	158.657			6
2026.03.25	01:10:58.424	158.659	158.660			6
2026.03.25	01:11:00.227	158.659				2
2026.03.25	01:11:00.524	158.660	158.661			6
2026.03.25	01:11:00.824	158.661	158.662			6
2026.03.25	01:11:02.325	158.678	158.679			6
2026.03.25	01:11:02.627	158.683	158.684			6
2026.03.25	01:11:02.927	158.686	158.687			6
2026.03.25	01:11:03.225	158.689	158.690			6
2026.03.25	01:11:04.126		158.691			4
2026.03.25	01:11:04.426		158.692			4
2026.03.25	01:11:04.726		158.691			4
2026.03.25	01:11:05.931	158.697	158.700			6
2026.03.25	01:11:06.533	158.698	158.701			6
2026.03.25	01:11:07.130	158.697				2
2026.03.25	01:11:08.333	158.698				2
2026.03.25	01:11:08.641	158.696	158.699			6
2026.03.25	01:11:10.737	158.697	158.700			6
2026.03.25	01:11:11.041	158.696	158.699			6
2026.03.25	01:11:11.642	158.695	158.698			6
2026.03.25	01:11:12.239	158.696	158.699			6
2026.03.25	01:11:12.547	158.695	158.698			6
2026.03.25	01:11:13.140	158.696	158.699			6
2026.03.25	01:11:14.642	158.695	158.698			6
2026.03.25	01:11:21.557	158.696	158.699			6
2026.03.25	01:11:26.362		158.698			4
2026.03.25	01:11:37.181	158.695	158.697			6
2026.03.25	01:11:41.397	158.696				2
2026.03.25	01:11:44.100	158.697	158.698			6
2026.03.25	01:11:52.819	158.699	158.700			6
2026.03.25	01:11:59.717	158.698	158.699			6
2026.03.25	01:12:00.017	158.698				2
2026.03.25	01:12:00.618	158.696	158.697			6
2026.03.25	01:12:03.321	158.697	158.698			6
2026.03.25	01:12:04.822	158.696	158.697			6
2026.03.25	01:12:14.433	158.697	158.698			6
2026.03.25	01:12:15.340	158.696	158.697			6
2026.03.25	01:12:20.757	158.695	158.696			6
2026.03.25	01:12:21.363	158.697	158.698			6
2026.03.25	01:12:23.755	158.698	158.699			6
2026.03.25	01:12:24.355	158.697	158.698			6
2026.03.25	01:12:31.263	158.698	158.699			6
2026.03.25	01:12:32.164	158.697	158.698			6
2026.03.25	01:12:36.371	158.696	158.697			6
2026.03.25	01:12:46.292	158.684	158.685			6
2026.03.25	01:12:47.495	158.683	158.684			6
2026.03.25	01:12:54.404	158.681	158.682			6
2026.03.25	01:12:54.711	158.683	158.684			6
2026.03.25	01:12:57.709	158.684	158.685			6
2026.03.25	01:12:58.012	158.683	158.684			6
2026.03.25	01:13:00.110	158.683				2
2026.03.25	01:13:00.416	158.684	158.685			6
2026.03.25	01:13:09.131	158.685	158.686			6
2026.03.25	01:13:13.043	158.683	158.684			6
2026.03.25	01:13:30.776	158.682	158.683			6
2026.03.25	01:13:35.889	158.683	158.684			6
2026.03.25	01:13:36.789	158.682	158.683			6
2026.03.25	01:13:38.884	158.683	158.684			6
2026.03.25	01:13:40.387	158.682	158.683			6
2026.03.25	01:13:41.591	158.681	158.682			6
2026.03.25	01:13:47.016	158.682	158.683			6
2026.03.25	01:13:50.917	158.681	158.682			6
2026.03.25	01:13:53.923	158.682	158.683			6
2026.03.25	01:13:56.030	158.681	158.682			6
2026.03.25	01:14:00.251	158.681				2
2026.03.25	01:14:01.441	158.682	158.683			6
2026.03.25	01:14:01.741	158.681	158.682			6
2026.03.25	01:14:03.547	158.682	158.683			6
2026.03.25	01:14:04.751	158.683	158.684			6
2026.03.25	01:14:11.671	158.682	158.683			6
2026.03.25	01:14:13.783	158.681	158.682			6
2026.03.25	01:14:19.488	158.682	158.683			6
2026.03.25	01:14:23.096	158.681	158.682			6
2026.03.25	01:14:23.403	158.682	158.683			6
2026.03.25	01:14:23.704	158.673	158.674			6
2026.03.25	01:14:23.999	158.669	158.670			6
2026.03.25	01:14:26.103	158.668	158.669			6
2026.03.25	01:14:27.309	158.669	158.670			6
2026.03.25	01:14:27.913	158.670	158.671			6
2026.03.25	01:14:30.019	158.669	158.670			6
2026.03.25	01:14:30.619	158.670	158.671			6
2026.03.25	01:14:35.128	158.669	158.670			6
2026.03.25	01:14:37.834	158.670	158.671			6
2026.03.25	01:14:42.339	158.668	158.669			6
2026.03.25	01:14:43.243	158.667	158.668			6
2026.03.25	01:14:43.840	158.670	158.671			6
2026.03.25	01:14:44.741	158.671	158.672			6
2026.03.25	01:14:50.763	158.673	158.674			6
2026.03.25	01:14:51.053	158.674	158.675			6
2026.03.25	01:14:51.352	158.672	158.673			6
2026.03.25	01:14:53.460	158.671	158.672			6
2026.03.25	01:15:00.070	158.671				2
2026.03.25	01:15:00.363	158.672	158.673			6
2026.03.25	01:15:02.163	158.670	158.671			6
2026.03.25	01:15:02.470	158.672	158.673			6
2026.03.25	01:15:03.369	158.674	158.675			6
2026.03.25	01:15:03.665	158.683	158.684			6
2026.03.25	01:15:06.077	158.678	158.679			6
2026.03.25	01:15:07.273	158.676	158.677			6
2026.03.25	01:15:12.091	158.677	158.678			6
2026.03.25	01:15:14.789	158.682	158.683			6
2026.03.25	01:15:15.392	158.683	158.684			6
2026.03.25	01:15:20.498	158.684	158.685			6
2026.03.25	01:15:21.101	158.683	158.684			6
2026.03.25	01:15:23.201	158.684	158.685			6
2026.03.25	01:15:28.911	158.683	158.684			6
2026.03.25	01:15:30.416	158.684	158.685			6
2026.03.25	01:15:32.821	158.683	158.684			6
2026.03.25	01:15:34.325	158.680	158.681			6
2026.03.25	01:15:34.628	158.677	158.678			6
2026.03.25	01:15:43.946	158.675	158.676			6
2026.03.25	01:15:44.541	158.676	158.677			6
2026.03.25	01:15:46.049	158.675	158.676			6
2026.03.25	01:15:46.348	158.677	158.678			6
2026.03.25	01:15:46.651	158.676	158.677			6
2026.03.25	01:15:47.252	158.675	158.676			6
2026.03.25	01:15:47.855	158.676	158.677			6
2026.03.25	01:15:49.352	158.675	158.676			6
2026.03.25	01:15:50.554	158.676	158.677			6
2026.03.25	01:15:52.663	158.677	158.678			6
2026.03.25	01:15:53.260	158.678	158.679			6
2026.03.25	01:15:54.156	158.683	158.684			6
2026.03.25	01:15:54.456	158.684	158.685			6
2026.03.25	01:15:55.365	158.685	158.686			6
2026.03.25	01:15:56.265	158.686	158.687			6
2026.03.25	01:15:56.860	158.694	158.695			6
2026.03.25	01:15:57.157	158.696	158.697			6
2026.03.25	01:15:57.460	158.695	158.696			6
2026.03.25	01:15:57.759	158.696	158.697			6
2026.03.25	01:15:58.059	158.697	158.698			6
2026.03.25	01:16:00.160	158.697				2
2026.03.25	01:16:00.460	158.695	158.696			6
2026.03.25	01:16:00.761	158.696	158.697			6
2026.03.25	01:16:01.060	158.695	158.696			6
2026.03.25	01:16:03.767	158.696	158.697			6
2026.03.25	01:16:07.972	158.685	158.686			6
2026.03.25	01:16:08.272	158.682	158.684			6
2026.03.25	01:16:08.574	158.681	158.683			6
2026.03.25	01:16:09.474	158.680	158.682			6
2026.03.25	01:16:11.583	158.677	158.679			6
2026.03.25	01:16:11.877	158.676	158.678			6
2026.03.25	01:16:15.489	158.682	158.684			6
2026.03.25	01:16:15.788	158.681	158.683			6
2026.03.25	01:16:16.692	158.682	158.684			6
2026.03.25	01:16:25.103	158.683				2
2026.03.25	01:16:45.845	158.702	158.703			6
2026.03.25	01:16:46.139	158.699				2
2026.03.25	01:16:46.440	158.700	158.704			6
2026.03.25	01:16:48.546	158.701	158.705			6
2026.03.25	01:16:51.553	158.702	158.706			6
2026.03.25	01:16:55.465	158.715	158.719			6
2026.03.25	01:16:55.761	158.712	158.716			6
2026.03.25	01:16:56.363		158.717			4
2026.03.25	01:16:56.959	158.713	158.718			6
2026.03.25	01:16:57.859	158.712	158.717			6
2026.03.25	01:16:58.159	158.713	158.718			6
2026.03.25	01:16:58.764	158.717	158.722			6
2026.03.25	01:17:00.262	158.718	158.723			6
2026.03.25	01:17:04.166	158.719				2
2026.03.25	01:17:05.366	158.718	158.722			6
2026.03.25	01:17:06.869	158.722	158.726			6
2026.03.25	01:17:08.670	158.723	158.727			6
2026.03.25	01:17:10.179	158.728	158.731			6
2026.03.25	01:17:10.472	158.729				2
2026.03.25	01:17:10.772	158.734	158.738			6
2026.03.25	01:17:11.073	158.731	158.735			6
2026.03.25	01:17:11.373	158.730				2
2026.03.25	01:17:13.183	158.741	158.746			6
2026.03.25	01:17:13.474	158.742	158.747			6
2026.03.25	01:17:14.376	158.735	158.741			6
2026.03.25	01:17:14.975	158.729	158.735			6
2026.03.25	01:17:15.577	158.730	158.736			6
2026.03.25	01:17:15.876	158.724	158.730			6
2026.03.25	01:17:16.176		158.731			4
2026.03.25	01:17:16.476	158.725	158.732			6
2026.03.25	01:17:17.380	158.730	158.737			6
2026.03.25	01:17:22.192	158.722	158.729			6
2026.03.25	01:17:23.088	158.723				2
2026.03.25	01:17:23.993	158.724	158.731			6
2026.03.25	01:17:25.187	158.725	158.732			6
2026.03.25	01:17:25.486	158.723	158.730			6
2026.03.25	01:17:27.289	158.729	158.736			6
2026.03.25	01:17:29.696	158.730	158.737			6
2026.03.25	01:17:32.996	158.735	158.742			6
2026.03.25	01:17:33.905	158.736	158.743			6
2026.03.25	01:17:36.008	158.738	158.745			6
2026.03.25	01:17:36.300	158.741	158.748			6
2026.03.25	01:17:36.608	158.742	158.749			6
2026.03.25	01:17:39.611	158.741	158.748			6
2026.03.25	01:17:39.906	158.740	158.747			6
2026.03.25	01:17:40.207	158.741				2
2026.03.25	01:17:43.512	158.742	158.748			6
2026.03.25	01:17:44.115	158.744	158.750			6
2026.03.25	01:17:45.621	158.749	158.755			6
2026.03.25	01:17:45.920	158.748	158.753			6
2026.03.25	01:17:46.222	158.749				2
2026.03.25	01:17:47.424		158.754			4
2026.03.25	01:17:47.722		158.753			4
2026.03.25	01:17:48.021	158.748				2
2026.03.25	01:17:51.620		158.754			4
2026.03.25	01:17:51.920		158.753			4
2026.03.25	01:17:52.521	158.745	158.749			6
2026.03.25	01:17:52.822		158.750			4
2026.03.25	01:17:53.424	158.744	158.749			6
2026.03.25	01:17:53.725	158.747	158.753			6
2026.03.25	01:17:54.026	158.748	158.754			6
2026.03.25	01:17:54.327	158.741	158.747			6
2026.03.25	01:17:54.623	158.742	158.748			6
2026.03.25	01:17:55.832	158.740	158.746			6
2026.03.25	01:17:56.428	158.741	158.747			6
2026.03.25	01:17:57.329	158.742				2
2026.03.25	01:17:57.933	158.732	158.737			6
2026.03.25	01:17:58.232	158.733	158.738			6
2026.03.25	01:17:59.135		158.739			4
2026.03.25	01:17:59.742	158.735	158.741			6
2026.03.25	01:18:00.037	158.735				2
2026.03.25	01:18:00.640	158.736	158.742			6
2026.03.25	01:18:01.235	158.733	158.739			6
2026.03.25	01:18:01.542	158.732	158.738			6
2026.03.25	01:18:01.835	158.739	158.745			6
2026.03.25	01:18:02.135	158.740	158.746			6
2026.03.25	01:18:08.439	158.732	158.738			6
2026.03.25	01:18:10.242	158.731	158.737			6
2026.03.25	01:18:10.841	158.729	158.735			6
2026.03.25	01:18:11.142	158.728	158.734			6
2026.03.25	01:18:12.345	158.727	158.733			6
2026.03.25	01:18:14.450	158.722	158.728			6
2026.03.25	01:18:14.750	158.721	158.727			6
2026.03.25	01:18:15.352	158.726	158.732			6
2026.03.25	01:18:16.253	158.725				2
2026.03.25	01:18:16.555	158.726	158.733			6
2026.03.25	01:18:17.156		158.732			4
2026.03.25	01:18:19.860	158.719	158.725			6
2026.03.25	01:18:21.064	158.718	158.724			6
2026.03.25	01:18:21.365		158.725			4
2026.03.25	01:18:23.170	158.717	158.724			6
2026.03.25	01:18:24.369	158.718				2
2026.03.25	01:18:30.082	158.730	158.736			6
2026.03.25	01:18:31.282		158.737			4
2026.03.25	01:18:37.301		158.736			4
2026.03.25	01:18:43.909	158.728	158.734			6
2026.03.25	01:18:46.317		158.733			4
2026.03.25	01:18:49.035	158.725	158.730			6
2026.03.25	01:18:49.627	158.722	158.727			6
2026.03.25	01:18:50.228	158.719	158.724			6
2026.03.25	01:18:55.336	158.718	158.723			6
2026.03.25	01:18:58.345	158.717	158.722			6
2026.03.25	01:18:59.853	158.713	158.718			6
2026.03.25	01:19:00.158	158.714				2
2026.03.25	01:19:04.060	158.708	158.712			6
2026.03.25	01:19:05.265	158.707	158.711			6
2026.03.25	01:19:05.564	158.708	158.712			6
2026.03.25	01:19:06.769	158.707	158.711			6
2026.03.25	01:19:10.078	158.698	158.702			6
2026.03.25	01:19:10.374	158.691	158.695			6
2026.03.25	01:19:11.278	158.693	158.699			6
2026.03.25	01:19:11.578	158.694	158.700			6
2026.03.25	01:19:21.191	158.695				2
2026.03.25	01:19:22.393	158.696				2
2026.03.25	01:19:23.896	158.695				2
2026.03.25	01:19:26.610	158.694	158.699			6
2026.03.25	01:19:28.404	158.695	158.700			6
2026.03.25	01:19:28.706	158.694	158.699			6
2026.03.25	01:19:29.307	158.695				2
2026.03.25	01:19:36.223		158.698			4
2026.03.25	01:19:42.534	158.691	158.694			6
2026.03.25	01:19:42.831	158.687	158.689			6
2026.03.25	01:19:43.131	158.686				2
2026.03.25	01:19:44.031	158.685	158.688			6
2026.03.25	01:19:48.237	158.686				2
2026.03.25	01:19:54.251		158.687			4
2026.03.25	01:20:00.266	158.684	158.685			6
2026.03.25	01:20:01.461	158.686	158.687			6
2026.03.25	01:20:06.866	158.684	158.685			6
2026.03.25	01:20:10.168	158.683	158.684			6
2026.03.25	01:20:10.772	158.684	158.685			6
2026.03.25	01:20:11.372	158.682	158.683			6
2026.03.25	01:20:15.282	158.681	158.682			6
2026.03.25	01:20:15.581	158.683	158.684			6
2026.03.25	01:20:16.480	158.682	158.683			6
2026.03.25	01:20:19.489	158.680	158.681			6
2026.03.25	01:20:20.089	158.681	158.682			6
2026.03.25	01:20:20.389	158.682	158.683			6
2026.03.25	01:20:27.308	158.684	158.685			6
2026.03.25	01:20:28.807	158.683	158.684			6
2026.03.25	01:20:30.010	158.684	158.685			6
2026.03.25	01:20:37.839	158.678	158.679			6
2026.03.25	01:20:38.140	158.677	158.678			6
2026.03.25	01:20:41.444	158.676	158.677			6
2026.03.25	01:20:47.453	158.677	158.678			6
2026.03.25	01:20:48.053	158.678	158.679			6
2026.03.25	01:20:48.355	158.681	158.682			6
2026.03.25	01:20:48.956	158.682	158.683			6
2026.03.25	01:20:53.471	158.679	158.680			6
2026.03.25	01:20:53.773	158.680	158.681			6
2026.03.25	01:20:54.063	158.682	158.683			6
2026.03.25	01:21:00.079	158.682				2
2026.03.25	01:21:05.779	158.681	158.682			6
2026.03.25	01:21:07.581	158.682	158.683			6
2026.03.25	01:21:12.390	158.681	158.682			6
2026.03.25	01:21:13.291	158.680	158.681			6
2026.03.25	01:21:15.099	158.682	158.683			6
2026.03.25	01:21:16.005	158.683	158.684			6
2026.03.25	01:21:26.528	158.685	158.686			6
2026.03.25	01:21:26.827	158.684	158.685			6
2026.03.25	01:21:28.331	158.683	158.684			6
2026.03.25	01:21:47.867	158.684	158.685			6
2026.03.25	01:21:54.169	158.685	158.686			6
2026.03.25	01:21:55.669	158.682	158.683			6
2026.03.25	01:22:00.176	158.682				2
2026.03.25	01:22:06.486	158.683	158.684			6
2026.03.25	01:22:12.195	158.682	158.683			6
2026.03.25	01:22:15.507	158.681	158.682			6
2026.03.25	01:22:16.103	158.680	158.681			6
2026.03.25	01:22:17.004	158.681	158.682			6
2026.03.25	01:22:18.512	158.682	158.683			6
2026.03.25	01:22:20.608	158.679	158.680			6
2026.03.25	01:22:28.431	158.680	158.681			6
2026.03.25	01:22:29.922	158.679	158.680			6
2026.03.25	01:22:35.929	158.678	158.679			6
2026.03.25	01:22:43.738	158.680	158.681			6
2026.03.25	01:22:44.942	158.681	158.682			6
2026.03.25	01:22:47.950	158.682	158.683			6
2026.03.25	01:22:56.054	158.680	158.681			6
2026.03.25	01:22:57.255	158.681	158.682			6
2026.03.25	01:22:59.362	158.682	158.683			6
2026.03.25	01:23:00.269	158.682				2
2026.03.25	01:23:00.564	158.683	158.684			6
2026.03.25	01:23:01.464	158.684	158.685			6
2026.03.25	01:23:01.766	158.692	158.693			6
2026.03.25	01:23:03.271	158.693	158.694			6
2026.03.25	01:23:06.574	158.694	158.695			6
2026.03.25	01:23:06.869	158.693	158.694			6
2026.03.25	01:23:07.169	158.694	158.695			6
2026.03.25	01:23:08.380	158.693	158.694			6
2026.03.25	01:23:08.677	158.694	158.695			6
2026.03.25	01:23:11.078	158.693	158.694			6
2026.03.25	01:23:11.683	158.694	158.695			6
2026.03.25	01:23:16.185	158.695	158.696			6
2026.03.25	01:23:20.093	158.694	158.695			6
2026.03.25	01:23:21.896	158.695	158.696			6
2026.03.25	01:23:24.898	158.697	158.698			6
2026.03.25	01:23:27.008	158.696	158.697			6
2026.03.25	01:23:28.205	158.695	158.696			6
2026.03.25	01:23:32.420	158.694	158.695			6
2026.03.25	01:23:38.133	158.695	158.696			6
2026.03.25	01:23:38.429	158.694	158.695			6
2026.03.25	01:23:46.249	158.693	158.694			6
2026.03.25	01:23:47.450	158.694	158.695			6
2026.03.25	01:23:48.353	158.695	158.696			6
2026.03.25	01:23:52.260	158.696	158.697			6
2026.03.25	01:24:00.077	158.696				2
2026.03.25	01:24:00.385	158.702	158.703			6
2026.03.25	01:24:01.577	158.701	158.702			6
2026.03.25	01:24:03.984	158.702	158.703			6
2026.03.25	01:24:16.025	158.703	158.704			6
2026.03.25	01:24:23.542	158.706	158.707			6
2026.03.25	01:24:23.842	158.703	158.704			6
2026.03.25	01:24:24.742	158.702	158.703			6
2026.03.25	01:24:29.850	158.703	158.704			6
2026.03.25	01:24:38.857	158.702	158.703			6
2026.03.25	01:24:59.004	158.698	158.699			6
2026.03.25	01:24:59.294	158.696	158.697			6
2026.03.25	01:25:00.202	158.696				2
2026.03.25	01:25:08.609	158.697	158.698			6
2026.03.25	01:25:11.908	158.701	158.702			6
2026.03.25	01:25:13.111	158.702	158.703			6
2026.03.25	01:25:17.923	158.701	158.702			6
2026.03.25	01:25:18.223	158.707	158.708			6
2026.03.25	01:25:19.423	158.708	158.709			6
2026.03.25	01:25:19.724	158.718	158.719			6
2026.03.25	01:25:20.029	158.744	158.745			6
2026.03.25	01:25:20.328	158.746	158.747			6
2026.03.25	01:25:20.625	158.745	158.746			6
2026.03.25	01:25:21.224	158.743	158.751			6
2026.03.25	01:25:21.824		158.752			4
2026.03.25	01:25:22.728	158.760	158.766			6
2026.03.25	01:25:23.028	158.759	158.768			6
2026.03.25	01:25:23.327		158.767			4
2026.03.25	01:25:23.627		158.768			4
2026.03.25	01:25:24.228	158.747	158.756			6
2026.03.25	01:25:25.134	158.746	158.755			6
2026.03.25	01:25:25.734	158.745	158.754			6
2026.03.25	01:25:27.238	158.742	158.751			6
2026.03.25	01:25:27.858	158.746	158.755			6
2026.03.25	01:25:28.141	158.751	158.760			6
2026.03.25	01:25:28.744	158.752	158.761			6
2026.03.25	01:25:29.048	158.742	158.751			6
2026.03.25	01:25:29.347	158.741	158.750			6
2026.03.25	01:25:29.646	158.742	158.751			6
2026.03.25	01:25:30.851	158.741	158.750			6
2026.03.25	01:25:31.149	158.750	158.759			6
2026.03.25	01:25:31.449	158.751	158.760			6
2026.03.25	01:25:32.651	158.752	158.761			6
2026.03.25	01:25:33.853	158.742	158.749			6
2026.03.25	01:25:35.055	158.741				2
2026.03.25	01:25:35.961	158.740	158.748			6
2026.03.25	01:25:38.957	158.743	158.751			6
2026.03.25	01:25:39.256	158.742	158.749			6
2026.03.25	01:25:40.759	158.741	158.750			6
2026.03.25	01:25:41.363	158.740	158.749			6
2026.03.25	01:25:42.264	158.739	158.748			6
2026.03.25	01:25:45.261	158.740	158.749			6
2026.03.25	01:25:45.562	158.750	158.759			6
2026.03.25	01:25:45.863	158.747	158.756			6
2026.03.25	01:25:46.161	158.748	158.757			6
2026.03.25	01:25:46.463	158.747	158.755			6
2026.03.25	01:25:46.762	158.746				2
2026.03.25	01:25:47.664	158.745	158.754			6
2026.03.25	01:25:50.971	158.746	158.755			6
2026.03.25	01:25:52.172	158.745	158.754			6
2026.03.25	01:25:54.573		158.753			4
2026.03.25	01:25:54.873		158.754			4
2026.03.25	01:25:56.374		158.753			4
2026.03.25	01:26:00.279	158.745				2
2026.03.25	01:26:15.015	158.742	158.750			6
2026.03.25	01:26:15.915	158.741	158.749			6
2026.03.25	01:26:18.313	158.742	158.750			6
2026.03.25	01:26:19.813	158.743	158.751			6
2026.03.25	01:26:21.922	158.742	158.750			6
2026.03.25	01:26:24.326		158.749			4
2026.03.25	01:26:25.528	158.744				2
2026.03.25	01:26:25.828	158.742	158.748			6
2026.03.25	01:26:26.733	158.743	158.749			6
2026.03.25	01:26:28.534	158.742	158.748			6
2026.03.25	01:26:31.839	158.744	158.750			6
2026.03.25	01:26:32.439	158.745				2
2026.03.25	01:26:33.339	158.744				2
2026.03.25	01:26:33.640	158.745	158.751			6
2026.03.25	01:26:33.939	158.744	158.750			6
2026.03.25	01:26:35.741	158.745				2
2026.03.25	01:26:36.044		158.751			4
2026.03.25	01:26:41.160	158.743	158.749			6
2026.03.25	01:26:42.659	158.742	158.748			6
2026.03.25	01:26:44.761		158.747			4
2026.03.25	01:26:48.066	158.743	158.748			6
2026.03.25	01:26:49.582	158.739	158.744			6
2026.03.25	01:26:50.173	158.737	158.742			6
2026.03.25	01:26:51.979	158.736	158.741			6
2026.03.25	01:26:56.193	158.733	158.738			6
2026.03.25	01:26:57.382	158.731	158.736			6
2026.03.25	01:26:57.682	158.730	158.735			6
2026.03.25	01:26:58.285	158.731				2
2026.03.25	01:26:58.583	158.732	158.736			6
2026.03.25	01:27:00.087	158.732				2
2026.03.25	01:27:02.792	158.733	158.737			6
2026.03.25	01:27:04.895	158.731	158.735			6
2026.03.25	01:27:09.403	158.732				2
2026.03.25	01:27:10.305	158.733	158.736			6
2026.03.25	01:27:10.901	158.732	158.735			6
2026.03.25	01:27:18.120	158.733				2
2026.03.25	01:27:20.520	158.732	158.734			6
2026.03.25	01:27:21.720	158.733	158.735			6
2026.03.25	01:27:25.331	158.732	158.734			6
2026.03.25	01:27:26.231	158.733				2
2026.03.25	01:27:27.132	158.726	158.727			6
2026.03.25	01:27:28.333	158.725				2
2026.03.25	01:27:28.641	158.726	158.728			6
2026.03.25	01:27:29.234		158.727			4
2026.03.25	01:27:32.246	158.724	158.725			6
2026.03.25	01:27:32.538	158.723	158.724			6
2026.03.25	01:27:37.350	158.724	158.725			6
2026.03.25	01:27:37.644	158.722	158.723			6
2026.03.25	01:27:39.451	158.721	158.722			6
2026.03.25	01:28:00.175	158.721				2
2026.03.25	01:28:39.525		158.722			4
2026.03.25	01:28:41.628	158.720	158.721			6
2026.03.25	01:28:41.932	158.721	158.722			6
2026.03.25	01:28:42.229	158.722	158.723			6
2026.03.25	01:28:43.130	158.723	158.724			6
2026.03.25	01:28:43.735	158.731	158.732			6
2026.03.25	01:28:44.631	158.732	158.733			6
2026.03.25	01:28:45.241	158.737	158.738			6
2026.03.25	01:28:45.533	158.739	158.740			6
2026.03.25	01:28:49.139	158.738	158.739			6
2026.03.25	01:28:51.849	158.739	158.740			6
2026.03.25	01:28:52.146	158.738	158.739			6
2026.03.25	01:28:53.041	158.734	158.735			6
2026.03.25	01:28:58.153	158.733	158.734			6
2026.03.25	01:29:00.254	158.733				2
2026.03.25	01:29:05.063	158.730	158.731			6
2026.03.25	01:29:08.066	158.727	158.728			6
2026.03.25	01:29:09.569	158.728	158.729			6
2026.03.25	01:29:09.871	158.726	158.727			6
2026.03.25	01:29:11.075	158.720	158.721			6
2026.03.25	01:29:12.276	158.721	158.722			6
2026.03.25	01:29:34.810	158.703	158.704			6
2026.03.25	01:29:36.010	158.702	158.703			6
2026.03.25	01:29:42.621	158.701	158.702			6
2026.03.25	01:29:43.522	158.697	158.698			6
2026.03.25	01:29:43.823	158.696	158.697			6
2026.03.25	01:29:45.026	158.695	158.696			6
2026.03.25	01:29:49.532	158.694	158.695			6
2026.03.25	01:29:50.735	158.695	158.696			6
2026.03.25	01:29:52.836	158.694	158.695			6
2026.03.25	01:29:53.742	158.690	158.691			6
2026.03.25	01:29:54.941	158.689	158.690			6
2026.03.25	01:29:55.539	158.690	158.691			6
2026.03.25	01:29:58.855	158.691	158.692			6
2026.03.25	01:29:59.156	158.689	158.690			6
2026.03.25	01:30:00.053	158.689				2
2026.03.25	01:30:00.352	158.690	158.691			6
2026.03.25	01:30:01.552	158.691	158.692			6
2026.03.25	01:30:01.854	158.690	158.691			6
2026.03.25	01:30:03.055	158.691	158.692			6
2026.03.25	01:30:03.655	158.686	158.687			6
2026.03.25	01:30:05.157	158.687	158.688			6
2026.03.25	01:30:06.059	158.688	158.689			6
2026.03.25	01:30:07.259	158.677	158.678			6
2026.03.25	01:30:08.161	158.679	158.680			6
2026.03.25	01:30:08.468	158.678	158.679			6
2026.03.25	01:30:09.065	158.679	158.680			6
2026.03.25	01:30:09.662	158.678	158.679			6
2026.03.25	01:30:12.670	158.683	158.684			6
2026.03.25	01:30:13.266	158.684	158.685			6
2026.03.25	01:30:14.173	158.685	158.686			6
2026.03.25	01:30:15.369	158.684	158.685			6
2026.03.25	01:30:15.673	158.673	158.674			6
2026.03.25	01:30:16.271	158.672				2
2026.03.25	01:30:16.582	158.670	158.673			6
2026.03.25	01:30:18.078	158.669	158.672			6
2026.03.25	01:30:18.386		158.671			4
2026.03.25	01:30:19.590	158.668	158.670			6
2026.03.25	01:30:21.082	158.666	158.668			6
2026.03.25	01:30:23.788	158.667	158.669			6
2026.03.25	01:30:24.988	158.666	158.668			6
2026.03.25	01:30:26.196	158.665	158.667			6
2026.03.25	01:30:27.391	158.666				2
2026.03.25	01:30:30.393	158.660	158.661			6
2026.03.25	01:30:30.697	158.659	158.660			6
2026.03.25	01:30:32.197	158.658	158.659			6
2026.03.25	01:30:33.102	158.671	158.672			6
2026.03.25	01:30:33.409	158.670	158.671			6
2026.03.25	01:30:34.008	158.673	158.674			6
2026.03.25	01:30:34.300	158.677	158.682			6
2026.03.25	01:30:35.207	158.682	158.683			6
2026.03.25	01:30:35.510	158.679	158.684			6
2026.03.25	01:30:36.100	158.689	158.691			6
2026.03.25	01:30:36.401	158.686				2
2026.03.25	01:30:36.710	158.690	158.693			6
2026.03.25	01:30:37.007	158.688				2
2026.03.25	01:30:37.301	158.690				2
2026.03.25	01:30:37.602	158.687				2
2026.03.25	01:30:37.902	158.690				2
2026.03.25	01:30:38.204	158.687				2
2026.03.25	01:30:38.505	158.690				2
2026.03.25	01:30:38.803	158.687				2
2026.03.25	01:30:42.110	158.688				2
2026.03.25	01:30:46.014	158.687	158.692			6
2026.03.25	01:30:46.912	158.685	158.690			6
2026.03.25	01:30:48.113	158.684	158.689			6
2026.03.25	01:30:48.416	158.685	158.690			6
2026.03.25	01:30:49.018	158.684	158.689			6
2026.03.25	01:30:49.320	158.685				2
2026.03.25	01:30:49.914	158.686	158.690			6
2026.03.25	01:30:50.220	158.685	158.689			6
2026.03.25	01:30:50.518	158.686	158.690			6
2026.03.25	01:30:50.824	158.687	158.691			6
2026.03.25	01:30:51.426	158.686	158.690			6
2026.03.25	01:30:51.716	158.685	158.689			6
2026.03.25	01:30:52.016	158.684	158.688			6
2026.03.25	01:30:52.618	158.685	158.689			6
2026.03.25	01:30:52.917	158.684	158.688			6
2026.03.25	01:30:53.517	158.685	158.689			6
2026.03.25	01:30:54.123	158.686	158.690			6
2026.03.25	01:30:54.719	158.685	158.689			6
2026.03.25	01:30:55.620	158.687	158.691			6
2026.03.25	01:30:56.221		158.690			4
2026.03.25	01:30:56.519	158.686	158.689			6
2026.03.25	01:30:57.127	158.687	158.690			6
2026.03.25	01:30:57.723	158.686	158.689			6
2026.03.25	01:30:58.021	158.681	158.684			6
2026.03.25	01:30:58.326	158.679	158.682			6
2026.03.25	01:30:58.928	158.678	158.681			6
2026.03.25	01:30:59.222		158.682			4
2026.03.25	01:30:59.529	158.682	158.686			6
2026.03.25	01:30:59.829	158.681	158.685			6
2026.03.25	01:31:00.124	158.681				2
2026.03.25	01:31:00.429	158.679	158.683			6
2026.03.25	01:31:00.727	158.681	158.685			6
2026.03.25	01:31:01.024	158.682	158.686			6
2026.03.25	01:31:03.130	158.679	158.683			6
2026.03.25	01:31:03.726	158.680	158.684			6
2026.03.25	01:31:04.328	158.681	158.685			6
2026.03.25	01:31:05.235	158.683				2
2026.03.25	01:31:05.535	158.681				2
2026.03.25	01:31:05.833	158.683				2
2026.03.25	01:31:06.136	158.682				2
2026.03.25	01:31:06.433	158.683				2
2026.03.25	01:31:06.742	158.682				2
2026.03.25	01:31:07.035	158.683				2
2026.03.25	01:31:07.633	158.682				2
2026.03.25	01:31:07.942	158.684	158.686			6
2026.03.25	01:31:08.240	158.683				2
2026.03.25	01:31:08.534	158.684				2
2026.03.25	01:31:08.841	158.683				2
2026.03.25	01:31:09.134	158.682	158.685			6
2026.03.25	01:31:10.039	158.681	158.684			6
2026.03.25	01:31:13.348		158.683			4
2026.03.25	01:31:13.952	158.682	158.684			6
2026.03.25	01:31:14.547	158.681	158.683			6
2026.03.25	01:31:14.853	158.682	158.684			6
2026.03.25	01:31:15.149	158.684	158.686			6
2026.03.25	01:31:15.446	158.682	158.684			6
2026.03.25	01:31:16.047	158.681	158.683			6
2026.03.25	01:31:16.347	158.682	158.684			6
2026.03.25	01:31:16.647	158.679	158.681			6
2026.03.25	01:31:16.949	158.680	158.682			6
2026.03.25	01:31:17.249	158.681	158.683			6
2026.03.25	01:31:17.551	158.680	158.682			6
2026.03.25	01:31:17.852	158.681	158.683			6
2026.03.25	01:31:18.152	158.684	158.686			6
2026.03.25	01:31:18.459	158.683	158.685			6
2026.03.25	01:31:18.755	158.684	158.686			6
2026.03.25	01:31:19.354		158.685			4
2026.03.25	01:31:19.954	158.682	158.683			6
2026.03.25	01:31:21.455	158.683	158.684			6
2026.03.25	01:31:22.355	158.684	158.685			6
2026.03.25	01:31:23.557	158.683	158.684			6
2026.03.25	01:31:25.359	158.682	158.683			6
2026.03.25	01:31:27.159	158.683	158.684			6
2026.03.25	01:31:27.458	158.682	158.683			6
2026.03.25	01:31:28.060	158.683	158.684			6
2026.03.25	01:31:29.263	158.682	158.683			6
2026.03.25	01:31:29.560	158.681	158.682			6
2026.03.25	01:31:29.860	158.682	158.683			6
2026.03.25	01:31:35.266	158.677	158.678			6
2026.03.25	01:31:36.468	158.678	158.679			6
2026.03.25	01:31:37.972	158.677	158.678			6
2026.03.25	01:31:38.273	158.678	158.679			6
2026.03.25	01:31:38.571	158.677	158.678			6
2026.03.25	01:31:39.472	158.676	158.677			6
2026.03.25	01:31:40.073	158.677	158.678			6
2026.03.25	01:31:41.878	158.676	158.677			6
2026.03.25	01:31:44.882	158.678	158.679			6
2026.03.25	01:31:46.081	158.679	158.680			6
2026.03.25	01:31:50.591	158.680	158.681			6
2026.03.25	01:31:50.892	158.679	158.680			6
2026.03.25	01:31:55.406	158.684	158.685			6
2026.03.25	01:31:56.004	158.685	158.686			6
2026.03.25	01:32:00.223	158.680	158.681			6
2026.03.25	01:32:01.412	158.681	158.682			6
2026.03.25	01:32:02.013	158.680	158.681			6
2026.03.25	01:32:02.613	158.688	158.689			6
2026.03.25	01:32:03.519	158.687	158.688			6
2026.03.25	01:32:03.816	158.688	158.689			6
2026.03.25	01:32:04.116	158.687	158.688			6
2026.03.25	01:32:07.122	158.689	158.690			6
2026.03.25	01:32:07.418	158.687	158.688			6
2026.03.25	01:32:09.223	158.680	158.681			6
2026.03.25	01:32:09.519	158.678	158.679			6
2026.03.25	01:32:09.820	158.681	158.682			6
2026.03.25	01:32:11.020	158.678	158.679			6
2026.03.25	01:32:11.623	158.677	158.678			6
2026.03.25	01:32:11.923	158.678	158.679			6
2026.03.25	01:32:12.222	158.679	158.680			6
2026.03.25	01:32:12.523	158.678	158.679			6
2026.03.25	01:32:12.824	158.677	158.678			6
2026.03.25	01:32:14.029	158.676	158.677			6
2026.03.25	01:32:14.328	158.678	158.679			6
2026.03.25	01:32:14.629	158.676	158.677			6
2026.03.25	01:32:14.930	158.677	158.678			6
2026.03.25	01:32:15.231	158.676	158.677			6
2026.03.25	01:32:17.331	158.678	158.679			6
2026.03.25	01:32:17.635	158.677	158.678			6
2026.03.25	01:32:19.435	158.676	158.677			6
2026.03.25	01:32:21.540	158.679	158.680			6
2026.03.25	01:32:22.136	158.675	158.676			6
2026.03.25	01:32:22.437	158.677	158.678			6
2026.03.25	01:32:22.743	158.679	158.680			6
2026.03.25	01:32:23.338	158.677	158.678			6
2026.03.25	01:32:23.939	158.678	158.679			6
2026.03.25	01:32:24.538	158.677	158.678			6
2026.03.25	01:32:25.139	158.678	158.679			6
2026.03.25	01:32:25.440	158.677	158.678			6
2026.03.25	01:32:28.744	158.676	158.677			6
2026.03.25	01:32:29.043	158.677	158.678			6
2026.03.25	01:32:32.645	158.678	158.679			6
2026.03.25	01:32:33.546	158.677	158.678			6
2026.03.25	01:32:35.350	158.678	158.679			6
2026.03.25	01:32:36.251	158.677	158.678			6
2026.03.25	01:32:36.553	158.679	158.680			6
2026.03.25	01:32:36.855	158.678	158.679			6
2026.03.25	01:32:38.653	158.677	158.678			6
2026.03.25	01:32:38.954	158.678	158.679			6
2026.03.25	01:32:39.255	158.679	158.680			6
2026.03.25	01:32:39.555	158.678	158.679			6
2026.03.25	01:32:40.458	158.679	158.680			6
2026.03.25	01:32:40.754	158.678	158.679			6
2026.03.25	01:32:41.660	158.679	158.680			6
2026.03.25	01:32:42.558	158.678	158.679			6
2026.03.25	01:32:42.856	158.679	158.680			6
2026.03.25	01:32:45.258	158.678	158.679			6
2026.03.25	01:32:47.062	158.677	158.678			6
2026.03.25	01:32:47.666	158.678	158.679			6
2026.03.25	01:32:48.263	158.677	158.678			6
2026.03.25	01:32:55.170	158.678	158.679			6
2026.03.25	01:32:57.575	158.677	158.678			6
2026.03.25	01:32:58.180	158.678	158.679			6
2026.03.25	01:33:00.280	158.679	158.680			6
2026.03.25	01:33:00.582	158.678	158.679			6
2026.03.25	01:33:04.482	158.677	158.678			6
2026.03.25	01:33:05.084	158.676	158.677			6
2026.03.25	01:33:05.388	158.680	158.681			6
2026.03.25	01:33:05.688	158.679	158.680			6
2026.03.25	01:33:05.983	158.678	158.679			6
2026.03.25	01:33:06.281	158.680	158.681			6
2026.03.25	01:33:06.882	158.679	158.680			6
2026.03.25	01:33:07.483	158.680	158.681			6
2026.03.25	01:33:08.090	158.681	158.682			6
2026.03.25	01:33:08.390	158.680	158.681			6
2026.03.25	01:33:09.289	158.681	158.682			6
2026.03.25	01:33:09.586	158.680	158.681			6
2026.03.25	01:33:09.895	158.685	158.686			6
2026.03.25	01:33:10.493	158.686	158.687			6
2026.03.25	01:33:10.789	158.685	158.686			6
2026.03.25	01:33:11.397	158.687	158.688			6
2026.03.25	01:33:12.000	158.684	158.685			6
2026.03.25	01:33:22.213	158.682	158.683			6
2026.03.25	01:33:23.109	158.683	158.684			6
2026.03.25	01:33:25.814	158.682	158.683			6
2026.03.25	01:33:26.116	158.678	158.679			6
2026.03.25	01:33:27.617	158.681	158.682			6
2026.03.25	01:33:27.917	158.680	158.681			6
2026.03.25	01:33:28.519	158.681	158.682			6
2026.03.25	01:33:30.624	158.682	158.683			6
2026.03.25	01:33:30.926	158.678	158.679			6
2026.03.25	01:33:31.826	158.681	158.682			6
2026.03.25	01:33:32.425	158.680	158.681			6
2026.03.25	01:33:33.025	158.679	158.680			6
2026.03.25	01:33:33.625	158.680	158.681			6
2026.03.25	01:33:33.925	158.679	158.680			6
2026.03.25	01:33:34.226	158.680	158.681			6
2026.03.25	01:33:35.731	158.679	158.680			6
2026.03.25	01:33:36.629	158.680	158.681			6
2026.03.25	01:33:37.230	158.679	158.680			6
2026.03.25	01:33:37.529	158.677	158.678			6
2026.03.25	01:33:39.333	158.678	158.679			6
2026.03.25	01:33:39.936	158.677	158.678			6
2026.03.25	01:33:40.538	158.678	158.679			6
2026.03.25	01:33:40.831	158.677	158.678			6
2026.03.25	01:33:41.140	158.678	158.679			6
2026.03.25	01:33:41.437	158.677	158.678			6
2026.03.25	01:33:43.839	158.678	158.679			6
2026.03.25	01:33:44.445	158.683	158.684			6
2026.03.25	01:33:44.739	158.684	158.685			6
2026.03.25	01:33:45.340	158.683	158.684			6
2026.03.25	01:33:46.247	158.684	158.685			6
2026.03.25	01:33:50.448	158.681	158.682			6
2026.03.25	01:33:50.744	158.680	158.681			6
2026.03.25	01:33:51.044	158.682	158.683			6
2026.03.25	01:33:51.946	158.684	158.685			6
2026.03.25	01:33:52.253	158.683	158.684			6
2026.03.25	01:33:52.555	158.684	158.685			6
2026.03.25	01:33:52.857	158.685	158.686			6
2026.03.25	01:33:53.450	158.684	158.685			6
2026.03.25	01:33:54.951	158.688	158.689			6
2026.03.25	01:33:55.252	158.689	158.690			6
2026.03.25	01:33:55.553	158.688	158.689			6
2026.03.25	01:33:55.860	158.685	158.686			6
2026.03.25	01:33:57.052	158.684	158.685			6
2026.03.25	01:33:58.859	158.683	158.684			6
2026.03.25	01:34:00.061	158.683				2
2026.03.25	01:34:00.666	158.684	158.685			6
2026.03.25	01:34:01.256	158.683	158.684			6
2026.03.25	01:34:01.559	158.685	158.686			6
2026.03.25	01:34:02.465	158.686	158.687			6
2026.03.25	01:34:03.660	158.685	158.686			6
2026.03.25	01:34:05.762	158.684	158.685			6
2026.03.25	01:34:06.062	158.685	158.686			6
2026.03.25	01:34:07.864	158.682	158.683			6
2026.03.25	01:34:09.365	158.683	158.684			6
2026.03.25	01:34:09.968	158.682	158.683			6
2026.03.25	01:34:11.169	158.688	158.689			6
2026.03.25	01:34:11.470	158.689	158.690			6
2026.03.25	01:34:12.676	158.691	158.692			6
2026.03.25	01:34:12.975	158.692	158.693			6
2026.03.25	01:34:13.581	158.693	158.694			6
2026.03.25	01:34:14.180	158.692	158.693			6
2026.03.25	01:34:16.580	158.693	158.694			6
2026.03.25	01:34:16.875	158.692	158.693			6
2026.03.25	01:34:17.478	158.693	158.694			6
2026.03.25	01:34:18.080	158.692	158.693			6
2026.03.25	01:34:18.678	158.693	158.694			6
2026.03.25	01:34:19.281	158.692	158.693			6
2026.03.25	01:34:20.479	158.693	158.694			6
2026.03.25	01:34:20.779	158.692	158.693			6
2026.03.25	01:34:22.278	158.687	158.688			6
2026.03.25	01:34:23.779	158.686	158.687			6
2026.03.25	01:34:24.081	158.685	158.686			6
2026.03.25	01:34:28.894	158.696	158.697			6
2026.03.25	01:34:29.195	158.699	158.700			6
2026.03.25	01:34:29.488	158.696	158.697			6
2026.03.25	01:34:30.086	158.698	158.699			6
2026.03.25	01:34:30.700	158.697	158.698			6
2026.03.25	01:34:30.989	158.698	158.699			6
2026.03.25	01:34:33.094	158.697	158.698			6
2026.03.25	01:34:33.693	158.698	158.699			6
2026.03.25	01:34:34.897	158.699	158.700			6
2026.03.25	01:34:35.798	158.698	158.699			6
2026.03.25	01:34:36.099	158.699	158.700			6
2026.03.25	01:34:36.405	158.692	158.693			6
2026.03.25	01:34:36.701	158.690	158.691			6
2026.03.25	01:34:37.902	158.688	158.689			6
2026.03.25	01:34:38.203	158.685	158.686			6
2026.03.25	01:34:38.808	158.686	158.687			6
2026.03.25	01:34:39.100	158.685	158.686			6
2026.03.25	01:34:39.408	158.686	158.687			6
2026.03.25	01:34:39.707	158.685	158.686			6
2026.03.25	01:34:40.003	158.686	158.687			6
2026.03.25	01:34:44.209	158.684	158.685			6
2026.03.25	01:34:44.516	158.681	158.682			6
2026.03.25	01:34:44.810	158.680	158.681			6
2026.03.25	01:34:45.109	158.683	158.684			6
2026.03.25	01:34:45.411	158.681	158.682			6
2026.03.25	01:34:45.709	158.680	158.681			6
2026.03.25	01:34:46.012	158.681	158.682			6
2026.03.25	01:34:46.312	158.680	158.681			6
2026.03.25	01:34:46.912	158.681	158.682			6
2026.03.25	01:34:47.814	158.680	158.681			6
2026.03.25	01:34:48.114	158.681	158.682			6
2026.03.25	01:34:52.924	158.679	158.680			6
2026.03.25	01:34:53.223	158.681	158.682			6
2026.03.25	01:34:53.529	158.680	158.681			6
2026.03.25	01:34:53.825	158.679	158.680			6
2026.03.25	01:34:54.425	158.677	158.678			6
2026.03.25	01:34:54.732	158.678	158.679			6
2026.03.25	01:34:56.236	158.677	158.678			6
2026.03.25	01:35:00.147	158.677				2
2026.03.25	01:35:02.551	158.678	158.679			6
2026.03.25	01:35:03.455	158.677	158.678			6
2026.03.25	01:35:08.856	158.678	158.679			6
2026.03.25	01:35:09.158	158.679	158.680			6
2026.03.25	01:35:09.457	158.678	158.679			6
2026.03.25	01:35:10.057	158.677	158.678			6
2026.03.25	01:35:11.261	158.678	158.679			6
2026.03.25	01:35:11.560	158.677	158.678			6
2026.03.25	01:35:13.365	158.678	158.679			6
2026.03.25	01:35:14.563	158.677	158.678			6
2026.03.25	01:35:15.168	158.678	158.679			6
2026.03.25	01:35:16.064	158.677	158.678			6
2026.03.25	01:35:16.667	158.678	158.679			6
2026.03.25	01:35:17.869	158.677	158.678			6
2026.03.25	01:35:18.165	158.678	158.679			6
2026.03.25	01:35:19.967	158.677	158.678			6
2026.03.25	01:35:20.267	158.678	158.679			6
2026.03.25	01:35:20.872	158.677	158.678			6
2026.03.25	01:35:21.773	158.678	158.679			6
2026.03.25	01:35:22.073	158.677	158.678			6
2026.03.25	01:35:22.370	158.683	158.684			6
2026.03.25	01:35:22.670	158.682	158.683			6
2026.03.25	01:35:23.278	158.683	158.684			6
2026.03.25	01:35:25.681	158.682	158.683			6
2026.03.25	01:35:41.015	158.683	158.684			6
2026.03.25	01:35:42.813	158.682	158.683			6
2026.03.25	01:35:45.523	158.683	158.684			6
2026.03.25	01:35:45.825	158.690	158.691			6
2026.03.25	01:35:46.128	158.695	158.696			6
2026.03.25	01:35:46.424	158.694	158.695			6
2026.03.25	01:35:46.726	158.695	158.696			6
2026.03.25	01:35:48.227	158.698	158.699			6
2026.03.25	01:35:49.722	158.697	158.698			6
2026.03.25	01:35:53.926	158.696	158.697			6
2026.03.25	01:35:54.226	158.697	158.698			6
2026.03.25	01:35:54.533	158.699	158.700			6
2026.03.25	01:35:54.835	158.697	158.698			6
2026.03.25	01:35:55.128	158.696	158.697			6
2026.03.25	01:35:56.330	158.697	158.698			6
2026.03.25	01:35:56.630	158.696	158.697			6
2026.03.25	01:35:56.931	158.697	158.698			6
2026.03.25	01:35:57.234	158.696	158.697			6
2026.03.25	01:35:59.047	158.698	158.699			6
2026.03.25	01:35:59.638	158.699	158.700			6
2026.03.25	01:36:00.239	158.699				2
2026.03.25	01:36:01.441	158.702	158.703			6
2026.03.25	01:36:01.747	158.698	158.699			6
2026.03.25	01:36:02.642	158.697	158.698			6
2026.03.25	01:36:03.244	158.696	158.697			6
2026.03.25	01:36:04.741	158.699	158.700			6
2026.03.25	01:36:05.047	158.698	158.699			6
2026.03.25	01:36:05.644	158.699	158.700			6
2026.03.25	01:36:06.547	158.698	158.699			6
2026.03.25	01:36:06.853	158.699	158.700			6
2026.03.25	01:36:07.144	158.703	158.704			6
2026.03.25	01:36:07.446	158.704	158.705			6
2026.03.25	01:36:07.750	158.702	158.703			6
2026.03.25	01:36:08.945	158.703	158.704			6
2026.03.25	01:36:09.545	158.702	158.703			6
2026.03.25	01:36:12.855	158.696	158.697			6
2026.03.25	01:36:13.157	158.695	158.696			6
2026.03.25	01:36:14.055	158.696	158.697			6
2026.03.25	01:36:14.357	158.695	158.696			6
2026.03.25	01:36:14.956	158.696	158.697			6
2026.03.25	01:36:15.256	158.695	158.696			6
2026.03.25	01:36:15.558	158.696	158.697			6
2026.03.25	01:36:15.864	158.695	158.696			6
2026.03.25	01:36:16.160	158.696	158.697			6
2026.03.25	01:36:16.460	158.695	158.696			6
2026.03.25	01:36:18.565	158.697	158.698			6
2026.03.25	01:36:18.858	158.696	158.697			6
2026.03.25	01:36:23.664	158.695	158.696			6
2026.03.25	01:36:29.075	158.696	158.697			6
2026.03.25	01:36:31.176	158.697	158.698			6
2026.03.25	01:36:32.682	158.696	158.697			6
2026.03.25	01:36:32.983	158.697	158.698			6
2026.03.25	01:36:33.285	158.696	158.697			6
2026.03.25	01:36:33.584	158.697	158.698			6
2026.03.25	01:36:33.885	158.696	158.697			6
2026.03.25	01:36:35.086	158.695	158.696			6
2026.03.25	01:36:35.379	158.696	158.697			6
2026.03.25	01:36:36.583	158.697	158.698			6
2026.03.25	01:36:44.097	158.698	158.699			6
2026.03.25	01:36:44.405	158.697	158.698			6
2026.03.25	01:36:46.801	158.698	158.699			6
2026.03.25	01:36:48.305	158.697	158.698			6
2026.03.25	01:36:50.710	158.695	158.696			6
2026.03.25	01:36:51.010	158.696	158.697			6
2026.03.25	01:36:52.516	158.695	158.696			6
2026.03.25	01:36:52.813	158.694	158.695			6
2026.03.25	01:36:53.118	158.695	158.696			6
2026.03.25	01:36:53.420	158.696	158.697			6
2026.03.25	01:36:53.719	158.695	158.696			6
2026.03.25	01:36:54.322	158.696	158.697			6
2026.03.25	01:36:54.616	158.695	158.696			6
2026.03.25	01:36:55.517	158.693	158.694			6
2026.03.25	01:36:55.819	158.695	158.696			6
2026.03.25	01:36:56.118	158.692	158.693			6
2026.03.25	01:36:58.823	158.691	158.692			6
2026.03.25	01:37:00.026	158.691				2
2026.03.25	01:37:00.632	158.690	158.691			6
2026.03.25	01:37:01.828	158.689	158.690			6
2026.03.25	01:37:02.430	158.684	158.685			6
2026.03.25	01:37:03.032	158.683	158.684			6
2026.03.25	01:37:03.634	158.684	158.685			6
2026.03.25	01:37:03.933	158.683	158.684			6
2026.03.25	01:37:04.840	158.682	158.683			6
2026.03.25	01:37:14.761	158.680	158.681			6
2026.03.25	01:37:15.058	158.679	158.680			6
2026.03.25	01:37:16.256	158.678	158.679			6
2026.03.25	01:37:16.552	158.679	158.680			6
2026.03.25	01:37:17.758	158.678	158.679			6
2026.03.25	01:37:18.060	158.679	158.680			6
2026.03.25	01:37:18.356	158.678	158.679			6
2026.03.25	01:37:19.555	158.679	158.680			6
2026.03.25	01:37:19.858	158.681	158.682			6
2026.03.25	01:37:20.156	158.682	158.683			6
2026.03.25	01:37:23.162	158.683	158.684			6
2026.03.25	01:37:24.664	158.682	158.683			6
2026.03.25	01:37:30.675	158.683	158.684			6
2026.03.25	01:37:31.278	158.684	158.685			6
2026.03.25	01:37:32.180	158.683	158.684			6
2026.03.25	01:37:42.699	158.682	158.683			6
2026.03.25	01:37:48.708	158.685	158.686			6
2026.03.25	01:37:49.914	158.686	158.687			6
2026.03.25	01:37:52.618	158.685	158.686			6
2026.03.25	01:37:54.128	158.684	158.685			6
2026.03.25	01:37:54.421	158.683	158.684			6
2026.03.25	01:37:54.721	158.684	158.685			6
2026.03.25	01:37:55.624	158.685	158.686			6
2026.03.25	01:38:00.136	158.685				2
2026.03.25	01:38:02.542	158.688	158.689			6
2026.03.25	01:38:02.844	158.686	158.687			6
2026.03.25	01:38:05.849	158.685	158.686			6
2026.03.25	01:38:07.352	158.683	158.684			6
2026.03.25	01:38:10.656	158.682	158.683			6
2026.03.25	01:38:12.765	158.681	158.682			6
2026.03.25	01:38:13.054	158.678	158.679			6
2026.03.25	01:38:13.654	158.679	158.680			6
2026.03.25	01:38:14.857	158.678	158.679			6
2026.03.25	01:38:16.666	158.677	158.678			6
2026.03.25	01:38:18.763	158.678	158.679			6
2026.03.25	01:38:20.569	158.677	158.678			6
2026.03.25	01:38:31.381	158.671	158.672			6
2026.03.25	01:38:31.681	158.669	158.670			6
2026.03.25	01:38:31.982	158.671	158.672			6
2026.03.25	01:38:33.783	158.669	158.670			6
2026.03.25	01:38:34.084	158.670	158.671			6
2026.03.25	01:38:38.898	158.671	158.672			6
2026.03.25	01:38:46.725	158.672	158.673			6
2026.03.25	01:38:49.133	158.674	158.675			6
2026.03.25	01:38:49.433	158.673	158.674			6
2026.03.25	01:38:50.032	158.674	158.675			6
2026.03.25	01:38:50.336	158.675	158.676			6
2026.03.25	01:38:51.535	158.673	158.674			6
2026.03.25	01:38:53.036	158.672	158.673			6
2026.03.25	01:39:00.260	158.685	158.686			6
2026.03.25	01:39:00.552	158.686	158.687			6
2026.03.25	01:39:00.858	158.685	158.686			6
2026.03.25	01:39:01.455	158.686	158.687			6
2026.03.25	01:39:05.059	158.684	158.685			6
2026.03.25	01:39:17.683	158.685	158.686			6
2026.03.25	01:39:24.901	158.684	158.685			6
2026.03.25	01:39:26.701	158.685	158.686			6
2026.03.25	01:39:27.003	158.684	158.685			6
2026.03.25	01:39:27.315	158.685	158.686			6
2026.03.25	01:39:29.103	158.684	158.685			6
2026.03.25	01:39:30.913	158.683	158.684			6
2026.03.25	01:39:31.210	158.684	158.685			6
2026.03.25	01:39:31.506	158.685	158.686			6
2026.03.25	01:39:36.925	158.686	158.687			6
2026.03.25	01:39:39.030	158.685	158.686			6
2026.03.25	01:39:45.947	158.686	158.687			6
2026.03.25	01:39:46.844	158.685	158.686			6
2026.03.25	01:39:48.652	158.683	158.684			6
2026.03.25	01:39:50.753	158.684	158.685			6
2026.03.25	01:39:59.769	158.685	158.686			6
2026.03.25	01:40:00.069	158.684	158.685			6
2026.03.25	01:40:00.372	158.681	158.682			6
2026.03.25	01:40:00.668	158.683	158.684			6
2026.03.25	01:40:00.972	158.682	158.683			6
2026.03.25	01:40:03.371	158.683	158.684			6
2026.03.25	01:40:05.178	158.682	158.683			6
2026.03.25	01:40:05.481	158.683	158.684			6
2026.03.25	01:40:05.779	158.682	158.683			6
2026.03.25	01:40:06.681	158.683	158.684			6
2026.03.25	01:40:07.281	158.684	158.685			6
2026.03.25	01:40:09.089	158.683	158.684			6
2026.03.25	01:40:11.794	158.684	158.685			6
2026.03.25	01:40:15.995	158.683	158.684			6
2026.03.25	01:40:25.016	158.684	158.685			6
2026.03.25	01:40:26.220	158.685	158.686			6
2026.03.25	01:40:42.158	158.686	158.687			6
2026.03.25	01:40:45.770	158.685	158.686			6
2026.03.25	01:40:52.979	158.684	158.685			6
2026.03.25	01:40:53.275	158.685	158.686			6
2026.03.25	01:41:00.198	158.685				2
2026.03.25	01:41:03.803	158.687	158.688			6
2026.03.25	01:41:18.828	158.686	158.687			6
2026.03.25	01:41:19.127	158.687	158.688			6
2026.03.25	01:41:22.139	158.686	158.687			6
2026.03.25	01:41:25.755	158.687	158.688			6
2026.03.25	01:41:27.256	158.685	158.686			6
2026.03.25	01:41:28.752	158.684	158.685			6
2026.03.25	01:41:39.561	158.688	158.689			6
2026.03.25	01:41:40.459	158.689	158.690			6
2026.03.25	01:41:40.772	158.693	158.694			6
2026.03.25	01:41:41.061	158.694	158.695			6
2026.03.25	01:41:42.565	158.696	158.697			6
2026.03.25	01:41:47.678	158.697	158.698			6
2026.03.25	01:41:47.977	158.696	158.697			6
2026.03.25	01:41:50.996	158.684	158.685			6
2026.03.25	01:41:52.200	158.685	158.686			6
2026.03.25	01:41:52.799	158.683	158.684			6
2026.03.25	01:41:54.303	158.684	158.685			6
2026.03.25	01:41:55.205	158.683	158.684			6
2026.03.25	01:41:56.410	158.684	158.685			6
2026.03.25	01:41:56.705	158.683	158.684			6
2026.03.25	01:42:00.015	158.683				2
2026.03.25	01:42:00.616	158.684	158.685			6
2026.03.25	01:42:00.916	158.685	158.686			6
2026.03.25	01:42:01.217	158.678	158.679			6
2026.03.25	01:42:02.423	158.679	158.680			6
2026.03.25	01:42:02.718	158.688	158.689			6
2026.03.25	01:42:04.224	158.689	158.690			6
2026.03.25	01:42:05.122	158.688	158.689			6
2026.03.25	01:42:07.828	158.689	158.690			6
2026.03.25	01:42:08.738	158.690	158.691			6
2026.03.25	01:42:11.144	158.692	158.693			6
2026.03.25	01:42:11.448	158.693	158.694			6
2026.03.25	01:42:12.358	158.694	158.695			6
2026.03.25	01:42:12.649	158.693	158.694			6
2026.03.25	01:42:14.152	158.694	158.695			6
2026.03.25	01:42:15.061	158.693	158.694			6
2026.03.25	01:42:18.362	158.694	158.695			6
2026.03.25	01:42:20.157	158.680	158.681			6
2026.03.25	01:42:20.464	158.682	158.683			6
2026.03.25	01:42:21.361	158.681	158.684			6
2026.03.25	01:42:27.376	158.682				2
2026.03.25	01:42:29.180	158.681	158.683			6
2026.03.25	01:42:29.481	158.682	158.684			6
2026.03.25	01:42:31.589	158.681	158.683			6
2026.03.25	01:42:31.890	158.682	158.684			6
2026.03.25	01:42:33.702	158.681	158.683			6
2026.03.25	01:42:35.199	158.682				2
2026.03.25	01:42:35.499	158.681	158.682			6
2026.03.25	01:42:35.799	158.683	158.684			6
2026.03.25	01:42:43.314	158.684	158.685			6
2026.03.25	01:42:43.911	158.683	158.684			6
2026.03.25	01:42:46.314	158.682	158.683			6
2026.03.25	01:42:46.618	158.683	158.684			6
2026.03.25	01:42:47.517	158.682	158.683			6
2026.03.25	01:42:52.028	158.683	158.684			6
2026.03.25	01:42:53.227	158.678	158.679			6
2026.03.25	01:42:53.524	158.679	158.680			6
2026.03.25	01:42:54.128	158.677	158.678			6
2026.03.25	01:42:57.735	158.673	158.674			6
2026.03.25	01:42:58.032	158.670	158.671			6
2026.03.25	01:42:58.336	158.668	158.670			6
2026.03.25	01:42:58.637	158.669	158.671			6
2026.03.25	01:42:58.933	158.670	158.672			6
2026.03.25	01:42:59.233	158.669	158.671			6
2026.03.25	01:42:59.844	158.668	158.670			6
2026.03.25	01:43:00.134	158.668				2
2026.03.25	01:43:02.538	158.669	158.671			6
2026.03.25	01:43:02.841	158.668	158.670			6
2026.03.25	01:43:04.044	158.663	158.665			6
2026.03.25	01:43:05.247	158.664	158.666			6
2026.03.25	01:43:06.148	158.663	158.665			6
2026.03.25	01:43:07.351	158.668	158.670			6
2026.03.25	01:43:08.252		158.671			4
2026.03.25	01:43:08.555	158.667	158.670			6
2026.03.25	01:43:09.453	158.668	158.671			6
2026.03.25	01:43:09.753	158.667	158.670			6
2026.03.25	01:43:11.558	158.666	158.669			6
2026.03.25	01:43:11.856	158.665	158.668			6
2026.03.25	01:43:12.161	158.666	158.669			6
2026.03.25	01:43:13.356		158.668			4
2026.03.25	01:43:21.168	158.667				2
2026.03.25	01:43:22.670	158.666	158.667			6
2026.03.25	01:43:23.872	158.667	158.668			6
2026.03.25	01:43:25.977	158.666	158.667			6
2026.03.25	01:43:28.078	158.667	158.668			6
2026.03.25	01:43:30.482	158.666	158.667			6
2026.03.25	01:43:31.083	158.665	158.666			6
2026.03.25	01:43:32.287	158.666	158.667			6
2026.03.25	01:43:36.793	158.668	158.669			6
2026.03.25	01:43:37.093	158.667	158.668			6
2026.03.25	01:43:37.697	158.668	158.669			6
2026.03.25	01:43:38.296	158.669	158.670			6
2026.03.25	01:43:38.594	158.668	158.669			6
2026.03.25	01:43:41.300	158.662	158.663			6
2026.03.25	01:43:42.505	158.660	158.661			6
2026.03.25	01:43:42.807	158.659	158.660			6
2026.03.25	01:43:45.810	158.658	158.659			6
2026.03.25	01:43:46.111	158.659	158.660			6
2026.03.25	01:43:46.406	158.658	158.659			6
2026.03.25	01:43:47.309	158.659	158.660			6
2026.03.25	01:43:49.712	158.658	158.659			6
2026.03.25	01:43:50.013	158.659	158.660			6
2026.03.25	01:43:51.219	158.658	158.659			6
2026.03.25	01:43:51.519	158.659	158.660			6
2026.03.25	01:43:55.725	158.658	158.659			6
2026.03.25	01:44:00.240	158.658				2
2026.03.25	01:44:05.047	158.659	158.660			6
2026.03.25	01:44:05.346	158.658	158.659			6
2026.03.25	01:44:05.650	158.667	158.668			6
2026.03.25	01:44:06.545	158.668	158.669			6
2026.03.25	01:44:06.846	158.669	158.670			6
2026.03.25	01:44:07.144	158.668	158.669			6
2026.03.25	01:44:08.347	158.667				2
2026.03.25	01:44:08.647	158.668	158.670			6
2026.03.25	01:44:09.250		158.669			4
2026.03.25	01:44:11.360	158.669	158.670			6
2026.03.25	01:44:11.659	158.670	158.671			6
2026.03.25	01:44:15.864	158.671	158.672			6
2026.03.25	01:44:22.775	158.670	158.671			6
2026.03.25	01:44:23.072	158.667	158.668			6
2026.03.25	01:44:23.676	158.666	158.667			6
2026.03.25	01:44:24.574	158.668	158.669			6
2026.03.25	01:44:24.876	158.667	158.668			6
2026.03.25	01:44:25.478	158.666	158.667			6
2026.03.25	01:44:25.778	158.667	158.668			6
2026.03.25	01:44:27.283	158.668	158.669			6
2026.03.25	01:44:27.578	158.667	158.668			6
2026.03.25	01:44:27.882	158.669	158.670			6
2026.03.25	01:44:28.180	158.667	158.668			6
2026.03.25	01:44:28.487	158.668	158.669			6
2026.03.25	01:44:29.082	158.669	158.670			6
2026.03.25	01:44:29.382	158.667	158.668			6
2026.03.25	01:44:29.686	158.668	158.669			6
2026.03.25	01:44:30.582	158.669	158.670			6
2026.03.25	01:44:30.884	158.668	158.669			6
2026.03.25	01:44:31.187	158.667	158.668			6
2026.03.25	01:44:32.389	158.668	158.669			6
2026.03.25	01:44:32.992	158.667	158.668			6
2026.03.25	01:44:33.287	158.668	158.669			6
2026.03.25	01:44:33.887	158.667	158.668			6
2026.03.25	01:44:34.190	158.668	158.669			6
2026.03.25	01:44:34.486	158.667	158.668			6
2026.03.25	01:44:35.989	158.668	158.669			6
2026.03.25	01:44:36.287	158.669	158.670			6
2026.03.25	01:44:37.491	158.668	158.669			6
2026.03.25	01:44:38.095	158.669	158.670			6
2026.03.25	01:44:38.392	158.668	158.669			6
2026.03.25	01:44:38.997	158.669	158.670			6
2026.03.25	01:44:39.894	158.668	158.669			6
2026.03.25	01:44:40.197	158.669	158.670			6
2026.03.25	01:44:41.096	158.668	158.669			6
2026.03.25	01:44:41.400	158.669	158.670			6
2026.03.25	01:44:42.297	158.668	158.669			6
2026.03.25	01:44:42.595	158.669	158.670			6
2026.03.25	01:44:44.097	158.668	158.669			6
2026.03.25	01:44:44.699	158.667	158.668			6
2026.03.25	01:44:45.000	158.669	158.670			6
2026.03.25	01:44:45.297	158.668	158.669			6
2026.03.25	01:44:47.412	158.669	158.670			6
2026.03.25	01:44:47.713	158.668	158.669			6
2026.03.25	01:44:48.009	158.667	158.668			6
2026.03.25	01:44:51.911	158.671	158.672			6
2026.03.25	01:44:52.213	158.672	158.673			6
2026.03.25	01:44:52.514	158.671	158.672			6
2026.03.25	01:44:54.019	158.672	158.673			6
2026.03.25	01:45:00.025	158.672				2
2026.03.25	01:45:00.329	158.671	158.672			6
2026.03.25	01:45:01.232	158.670	158.671			6
2026.03.25	01:45:01.823	158.669	158.670			6
2026.03.25	01:45:05.136	158.667	158.668			6
2026.03.25	01:45:06.333	158.668	158.669			6
2026.03.25	01:45:19.899	158.681	158.682			6
2026.03.25	01:45:20.195	158.692	158.693			6
2026.03.25	01:45:20.492	158.693	158.694			6
2026.03.25	01:45:21.096	158.692	158.693			6
2026.03.25	01:45:21.394	158.690	158.698			6
2026.03.25	01:45:21.996	158.691	158.699			6
2026.03.25	01:45:25.601		158.698			4
2026.03.25	01:45:29.509	158.682	158.691			6
2026.03.25	01:45:30.409		158.690			4
2026.03.25	01:45:31.012		158.691			4
2026.03.25	01:45:31.912	158.681	158.690			6
2026.03.25	01:45:32.212	158.682	158.691			6
2026.03.25	01:45:34.314	158.680	158.689			6
2026.03.25	01:45:34.614	158.681	158.690			6
2026.03.25	01:45:35.217	158.669	158.678			6
2026.03.25	01:45:35.517	158.668	158.676			6
2026.03.25	01:45:35.816		158.677			4
2026.03.25	01:45:36.721		158.676			4
2026.03.25	01:45:37.622		158.677			4
2026.03.25	01:45:39.124	158.667	158.676			6
2026.03.25	01:45:40.030	158.666	158.675			6
2026.03.25	01:45:40.332	158.661	158.670			6
2026.03.25	01:45:40.627	158.660	158.669			6
2026.03.25	01:45:42.427	158.664	158.671			6
2026.03.25	01:45:42.730	158.666	158.673			6
2026.03.25	01:45:43.028	158.668	158.675			6
2026.03.25	01:45:43.628		158.676			4
2026.03.25	01:45:44.832	158.669				2
2026.03.25	01:45:45.733		158.677			4
2026.03.25	01:45:51.148		158.678			4
2026.03.25	01:45:51.751		158.677			4
2026.03.25	01:45:55.355	158.670	158.678			6
2026.03.25	01:45:57.460	158.669	158.677			6
2026.03.25	01:46:00.167	158.669				2
2026.03.25	01:46:00.467		158.676			4
2026.03.25	01:46:01.969	158.668	158.675			6
2026.03.25	01:46:02.268	158.667	158.674			6
2026.03.25	01:46:02.569		158.673			4
2026.03.25	01:46:03.471	158.666	158.672			6
2026.03.25	01:46:04.073		158.673			4
2026.03.25	01:46:04.977		158.674			4
2026.03.25	01:46:05.877		158.673			4
2026.03.25	01:46:06.777	158.667	158.674			6
2026.03.25	01:46:07.078	158.669	158.676			6
2026.03.25	01:46:07.679		158.677			4
2026.03.25	01:46:08.582		158.678			4
2026.03.25	01:46:08.881		158.677			4
2026.03.25	01:46:10.389	158.679	158.686			6
2026.03.25	01:46:10.686	158.681	158.689			6
2026.03.25	01:46:10.985		158.688			4
2026.03.25	01:46:11.586	158.682	158.690			6
2026.03.25	01:46:12.190		158.689			4
2026.03.25	01:46:14.301	158.684				2
2026.03.25	01:46:14.599	158.683	158.691			6
2026.03.25	01:46:14.899		158.690			4
2026.03.25	01:46:15.201	158.682				2
2026.03.25	01:46:15.501		158.689			4
2026.03.25	01:46:20.013	158.681				2
2026.03.25	01:46:22.113		158.688			4
2026.03.25	01:46:22.714		158.689			4
2026.03.25	01:46:23.016	158.682				2
2026.03.25	01:46:24.216	158.680	158.688			6
2026.03.25	01:46:24.516	158.679	158.686			6
2026.03.25	01:46:25.420	158.678	158.685			6
2026.03.25	01:46:25.718	158.680	158.687			6
2026.03.25	01:46:26.620		158.688			4
2026.03.25	01:46:26.922	158.681	158.687			6
2026.03.25	01:46:27.222		158.688			4
2026.03.25	01:46:30.232		158.687			4
2026.03.25	01:46:31.735		158.688			4
2026.03.25	01:46:32.337	158.682				2
2026.03.25	01:46:35.045		158.689			4
2026.03.25	01:46:35.349		158.688			4
2026.03.25	01:46:38.956	158.681				2
2026.03.25	01:46:40.158	158.678	158.685			6
2026.03.25	01:46:40.458	158.677	158.683			6
2026.03.25	01:46:40.759		158.684			4
2026.03.25	01:46:41.360	158.676	158.683			6
2026.03.25	01:46:43.164		158.682			4
2026.03.25	01:46:43.765	158.677	158.683			6
2026.03.25	01:46:45.569	158.678				2
2026.03.25	01:46:47.971		158.682			4
2026.03.25	01:46:48.272		158.683			4
2026.03.25	01:46:51.277		158.682			4
2026.03.25	01:46:51.579		158.683			4
2026.03.25	01:46:54.283	158.677	158.682			6
2026.03.25	01:46:54.583	158.678	158.683			6
2026.03.25	01:46:56.387	158.679	158.684			6
2026.03.25	01:46:56.687	158.678	158.683			6
2026.03.25	01:46:56.989	158.683	158.688			6
2026.03.25	01:46:58.490	158.684	158.689			6
2026.03.25	01:47:00.299	158.685	158.690			6
2026.03.25	01:47:00.596	158.689	158.694			6
2026.03.25	01:47:06.307		158.693			4
2026.03.25	01:47:08.107	158.681	158.685			6
2026.03.25	01:47:08.411	158.682	158.686			6
2026.03.25	01:47:09.311		158.687			4
2026.03.25	01:47:12.930	158.683	158.688			6
2026.03.25	01:47:13.826	158.688	158.689			6
2026.03.25	01:47:14.125	158.690	158.695			6
2026.03.25	01:47:14.733	158.691	158.696			6
2026.03.25	01:47:15.334	158.690				2
2026.03.25	01:47:17.437	158.689	158.695			6
2026.03.25	01:47:23.141	158.690				2
2026.03.25	01:47:31.258	158.691				2
2026.03.25	01:47:32.462	158.693	158.697			6
2026.03.25	01:47:37.268	158.691	158.695			6
2026.03.25	01:47:39.368	158.692				2
2026.03.25	01:47:45.380		158.694			4
2026.03.25	01:47:45.677	158.689	158.691			6
2026.03.25	01:47:46.577	158.690	158.692			6
2026.03.25	01:47:46.882	158.689	158.691			6
2026.03.25	01:47:52.285	158.690				2
2026.03.25	01:47:57.392	158.691	158.692			6
2026.03.25	01:48:00.101	158.691				2
2026.03.25	01:48:01.299	158.689	158.690			6
2026.03.25	01:48:04.606	158.692	158.693			6
2026.03.25	01:48:04.900	158.694	158.695			6
2026.03.25	01:48:06.405	158.695	158.696			6
2026.03.25	01:48:06.705	158.694	158.695			6
2026.03.25	01:48:08.209	158.697	158.698			6
2026.03.25	01:48:09.711	158.696	158.697			6
2026.03.25	01:48:20.229	158.695	158.696			6
2026.03.25	01:48:20.533	158.694	158.695			6
2026.03.25	01:48:22.030	158.693	158.694			6
2026.03.25	01:48:24.439	158.694	158.695			6
2026.03.25	01:48:32.554	158.693	158.694			6
2026.03.25	01:48:33.162	158.694	158.695			6
2026.03.25	01:48:34.064	158.692	158.693			6
2026.03.25	01:48:34.361	158.689	158.690			6
2026.03.25	01:48:36.461	158.690	158.691			6
2026.03.25	01:48:36.766	158.689	158.690			6
2026.03.25	01:48:39.462	158.690	158.691			6
2026.03.25	01:48:39.760	158.689	158.690			6
2026.03.25	01:48:40.062	158.690	158.691			6
2026.03.25	01:48:40.362	158.689	158.690			6
2026.03.25	01:48:41.263	158.690	158.691			6
2026.03.25	01:48:41.563	158.691	158.692			6
2026.03.25	01:48:42.163	158.690	158.691			6
2026.03.25	01:48:42.464	158.691	158.692			6
2026.03.25	01:48:42.764	158.690	158.691			6
2026.03.25	01:48:43.065	158.691	158.692			6
2026.03.25	01:48:43.370	158.690	158.691			6
2026.03.25	01:48:43.665	158.691	158.692			6
2026.03.25	01:48:44.573	158.690	158.691			6
2026.03.25	01:48:44.869	158.691	158.692			6
2026.03.25	01:48:45.470	158.690	158.691			6
2026.03.25	01:48:45.769	158.691	158.692			6
2026.03.25	01:48:46.069	158.690	158.691			6
2026.03.25	01:48:46.370	158.691	158.692			6
2026.03.25	01:48:46.669	158.690	158.691			6
2026.03.25	01:48:47.872	158.691	158.692			6
2026.03.25	01:48:48.476	158.690	158.691			6
2026.03.25	01:48:48.774	158.691	158.692			6
2026.03.25	01:48:49.072	158.692	158.693			6
2026.03.25	01:48:49.976	158.691	158.692			6
2026.03.25	01:48:50.278	158.692	158.693			6
2026.03.25	01:49:00.197	158.692				2
2026.03.25	01:49:00.797	158.694	158.695			6
2026.03.25	01:49:01.103	158.693	158.694			6
2026.03.25	01:49:02.908	158.692	158.693			6
2026.03.25	01:49:04.110	158.691	158.692			6
2026.03.25	01:49:15.533	158.692	158.693			6
2026.03.25	01:49:16.134	158.691	158.692			6
2026.03.25	01:49:20.342	158.689	158.690			6
2026.03.25	01:49:20.947	158.688	158.689			6
2026.03.25	01:49:23.649	158.687	158.688			6
2026.03.25	01:49:24.247	158.688	158.689			6
2026.03.25	01:49:26.354	158.687	158.688			6
2026.03.25	01:49:26.653	158.686	158.687			6
2026.03.25	01:49:26.957	158.684	158.685			6
2026.03.25	01:49:31.158	158.683	158.684			6
2026.03.25	01:49:31.458	158.684	158.685			6
2026.03.25	01:49:32.064	158.683	158.684			6
2026.03.25	01:49:34.465	158.682	158.683			6
2026.03.25	01:49:37.481	158.683	158.684			6
2026.03.25	01:49:37.778	158.682	158.683			6
2026.03.25	01:49:38.078	158.683	158.684			6
2026.03.25	01:49:44.692	158.682	158.683			6
2026.03.25	01:49:46.493	158.683	158.684			6
2026.03.25	01:49:46.793	158.682	158.683			6
2026.03.25	01:49:54.008	158.683	158.684			6
2026.03.25	01:49:56.414	158.682	158.683			6
2026.03.25	01:49:56.710	158.681	158.682			6
2026.03.25	01:49:57.309	158.680	158.681			6
2026.03.25	01:49:57.609	158.681	158.682			6
2026.03.25	01:49:59.420	158.678	158.679			6
2026.03.25	01:50:00.014	158.678				2
2026.03.25	01:50:00.320	158.680	158.681			6
2026.03.25	01:50:00.919	158.681	158.682			6
2026.03.25	01:50:01.514	158.683	158.684			6
2026.03.25	01:50:03.322	158.684	158.685			6
2026.03.25	01:50:03.621	158.685	158.686			6
2026.03.25	01:50:03.922	158.683	158.684			6
2026.03.25	01:50:05.124	158.682	158.683			6
2026.03.25	01:50:05.423	158.683	158.684			6
2026.03.25	01:50:06.928	158.684	158.685			6
2026.03.25	01:50:09.039	158.685	158.686			6
2026.03.25	01:50:12.939	158.684	158.685			6
2026.03.25	01:50:14.743	158.683	158.684			6
2026.03.25	01:50:34.592	158.682	158.683			6
2026.03.25	01:50:34.898	158.681	158.682			6
2026.03.25	01:50:35.198	158.682	158.683			6
2026.03.25	01:50:36.095	158.681	158.682			6
2026.03.25	01:50:36.695	158.682	158.683			6
2026.03.25	01:50:42.416	158.681	158.682			6
2026.03.25	01:50:42.717	158.682	158.683			6
2026.03.25	01:50:43.017	158.681	158.682			6
2026.03.25	01:50:43.617	158.682	158.683			6
2026.03.25	01:50:43.917	158.683	158.684			6
2026.03.25	01:50:52.636	158.684	158.685			6
2026.03.25	01:50:52.941	158.683	158.684			6
2026.03.25	01:50:53.844	158.682	158.683			6
2026.03.25	01:50:54.439	158.681	158.682			6
2026.03.25	01:50:55.647	158.682	158.683			6
2026.03.25	01:50:55.954	158.681	158.682			6
2026.03.25	01:50:57.454	158.682	158.683			6
2026.03.25	01:50:58.057	158.681	158.682			6
2026.03.25	01:50:59.859	158.682	158.683			6
2026.03.25	01:51:00.162	158.681	158.682			6
2026.03.25	01:51:04.368	158.682	158.683			6
2026.03.25	01:51:08.566	158.681	158.682			6
2026.03.25	01:51:09.173	158.682	158.683			6
2026.03.25	01:51:19.693	158.681	158.682			6
2026.03.25	01:51:19.995	158.682	158.683			6
2026.03.25	01:51:21.805	158.672	158.673			6
2026.03.25	01:51:24.210	158.673	158.674			6
2026.03.25	01:51:24.506	158.674	158.675			6
2026.03.25	01:51:24.805	158.672	158.673			6
2026.03.25	01:51:28.120	158.676	158.677			6
2026.03.25	01:51:28.418	158.684	158.685			6
2026.03.25	01:51:29.321	158.683				2
2026.03.25	01:51:30.223		158.684			4
2026.03.25	01:51:30.522	158.684	158.685			6
2026.03.25	01:51:33.530	158.692	158.693			6
2026.03.25	01:51:35.345	158.690	158.694			6
2026.03.25	01:51:36.238		158.693			4
2026.03.25	01:51:42.245	158.691				2
2026.03.25	01:51:46.754	158.690	158.692			6
2026.03.25	01:51:47.359	158.691	158.693			6
2026.03.25	01:51:48.258		158.692			4
2026.03.25	01:51:49.461	158.692	158.693			6
2026.03.25	01:51:50.059	158.691	158.692			6
2026.03.25	01:51:50.655	158.692	158.693			6
2026.03.25	01:51:50.963	158.691	158.692			6
2026.03.25	01:51:51.857	158.692	158.693			6
2026.03.25	01:51:52.163	158.691	158.692			6
2026.03.25	01:51:52.462	158.692	158.693			6
2026.03.25	01:51:55.462	158.691	158.692			6
2026.03.25	01:51:56.668	158.692	158.693			6
2026.03.25	01:51:56.965	158.691	158.692			6
2026.03.25	01:51:57.568	158.692	158.693			6
2026.03.25	01:52:00.277	158.691	158.692			6
2026.03.25	01:52:00.573	158.692	158.693			6
2026.03.25	01:52:02.672	158.691	158.692			6
2026.03.25	01:52:02.980	158.692	158.693			6
2026.03.25	01:52:03.580	158.691	158.692			6
2026.03.25	01:52:03.879	158.692	158.693			6
2026.03.25	01:52:06.280	158.691	158.692			6
2026.03.25	01:52:06.581	158.692	158.693			6
2026.03.25	01:52:08.392	158.693	158.694			6
2026.03.25	01:52:08.689	158.692	158.693			6
2026.03.25	01:52:08.998	158.693	158.694			6
2026.03.25	01:52:11.400	158.692	158.693			6
2026.03.25	01:52:11.697	158.693	158.694			6
2026.03.25	01:52:12.896	158.692	158.693			6
2026.03.25	01:52:16.814	158.693	158.694			6
2026.03.25	01:52:18.320	158.692	158.693			6
2026.03.25	01:52:18.623	158.693	158.694			6
2026.03.25	01:52:19.824	158.694	158.695			6
2026.03.25	01:52:20.117	158.692	158.693			6
2026.03.25	01:52:21.027	158.694	158.695			6
2026.03.25	01:52:23.125	158.693	158.694			6
2026.03.25	01:52:23.725	158.694	158.695			6
2026.03.25	01:52:24.928	158.693	158.694			6
2026.03.25	01:52:28.540	158.694	158.695			6
2026.03.25	01:52:29.743	158.693	158.694			6
2026.03.25	01:52:30.638	158.694	158.695			6
2026.03.25	01:52:30.938	158.693	158.694			6
2026.03.25	01:52:31.542	158.695	158.696			6
2026.03.25	01:52:32.140	158.694	158.695			6
2026.03.25	01:52:34.545	158.695	158.696			6
2026.03.25	01:52:39.055	158.694	158.695			6
2026.03.25	01:52:39.359	158.695	158.696			6
2026.03.25	01:52:39.658	158.694	158.695			6
2026.03.25	01:52:39.963	158.693	158.694			6
2026.03.25	01:52:40.262	158.694	158.695			6
2026.03.25	01:52:42.059	158.693	158.694			6
2026.03.25	01:52:43.265	158.694	158.695			6
2026.03.25	01:52:44.467	158.695	158.696			6
2026.03.25	01:52:45.969	158.694	158.695			6
2026.03.25	01:52:46.567	158.695	158.696			6
2026.03.25	01:52:47.765	158.696	158.697			6
2026.03.25	01:52:48.366	158.697	158.698			6
2026.03.25	01:52:48.670	158.696	158.697			6
2026.03.25	01:52:50.171	158.695	158.696			6
2026.03.25	01:52:51.070	158.694	158.695			6
2026.03.25	01:52:54.376	158.695	158.696			6
2026.03.25	01:52:57.985	158.694	158.695			6
2026.03.25	01:52:58.286	158.695	158.696			6
2026.03.25	01:52:59.191	158.692	158.693			6
2026.03.25	01:52:59.490	158.685	158.686			6
2026.03.25	01:53:00.087	158.685				2
2026.03.25	01:53:01.893	158.684	158.685			6
2026.03.25	01:53:02.795	158.686	158.687			6
2026.03.25	01:53:03.696	158.685	158.686			6
2026.03.25	01:53:07.604	158.686	158.687			6
2026.03.25	01:53:09.105	158.685	158.686			6
2026.03.25	01:53:09.408	158.686	158.687			6
2026.03.25	01:53:09.709	158.685	158.686			6
2026.03.25	01:53:21.133	158.686	158.687			6
2026.03.25	01:53:21.439	158.690	158.691			6
2026.03.25	01:53:21.741	158.693	158.694			6
2026.03.25	01:53:22.035	158.692	158.693			6
2026.03.25	01:53:22.935	158.691	158.692			6
2026.03.25	01:53:23.240	158.692	158.693			6
2026.03.25	01:53:23.842	158.691	158.692			6
2026.03.25	01:53:24.739	158.692	158.693			6
2026.03.25	01:53:25.043	158.691	158.692			6
2026.03.25	01:53:25.644	158.692	158.693			6
2026.03.25	01:53:25.943	158.691	158.692			6
2026.03.25	01:53:26.549	158.692	158.693			6
2026.03.25	01:53:27.455	158.693	158.694			6
2026.03.25	01:53:28.057	158.694	158.695			6
2026.03.25	01:53:28.352	158.693	158.694			6
2026.03.25	01:53:29.555	158.692	158.693			6
2026.03.25	01:53:30.460	158.693	158.694			6
2026.03.25	01:53:31.959	158.692	158.693			6
2026.03.25	01:53:32.263	158.693	158.694			6
2026.03.25	01:53:32.565	158.692	158.693			6
2026.03.25	01:53:33.164	158.693	158.694			6
2026.03.25	01:53:33.463	158.692	158.693			6
