<DATE>	<TIME>	<BID>	<ASK>	<LAST>	<VOLUME>	<FLAGS>
2026.06.01	00:03:30.803	159.348	159.384			6
2026.06.01	00:04:00.540	159.348				2
2026.06.01	00:04:50.539		159.384			4
2026.06.01	00:05:02.090	159.342	159.389			6
2026.06.01	00:05:02.391	159.336				2
2026.06.01	00:05:03.893	159.339	159.391			6
2026.06.01	00:05:15.630	159.344	159.386			6
2026.06.01	00:06:01.396	159.344				2
2026.06.01	00:06:04.436	159.343				2
2026.06.01	00:06:06.496	159.339	159.387			6
2026.06.01	00:06:06.798	159.340				2
2026.06.01	00:06:19.744	159.344	159.385			6
2026.06.01	00:07:01.395	159.344				2
2026.06.01	00:07:29.046		159.385			4
2026.06.01	00:08:04.101	159.344				2
2026.06.01	00:08:05.601	159.342	159.384			6
2026.06.01	00:09:02.104	159.342				2
2026.06.01	00:09:05.745		159.384			4
2026.06.01	00:09:24.951	159.340				2
2026.06.01	00:10:00.283	159.340				2
2026.06.01	00:10:01.296	159.343				2
2026.06.01	00:10:11.395		159.384			4
2026.06.01	00:10:41.395	159.344				2
2026.06.01	00:11:00.166	159.344				2
2026.06.01	00:11:02.233	159.340	159.385			6
2026.06.01	00:11:04.937	159.343				2
2026.06.01	00:12:00.015	159.343				2
2026.06.01	00:12:02.431		159.385			4
2026.06.01	00:12:03.333		159.387			4
2026.06.01	00:12:33.148		159.386			4
2026.06.01	00:12:34.049	159.342				2
2026.06.01	00:13:00.238	159.342				2
2026.06.01	00:13:13.788	159.344	159.385			6
2026.06.01	00:13:30.975	159.348				2
2026.06.01	00:13:41.198	159.345				2
2026.06.01	00:13:45.355	159.344	159.384			6
2026.06.01	00:14:00.080	159.344				2
2026.06.01	00:14:02.335	159.346	159.385			6
2026.06.01	00:14:17.951	159.345	159.386			6
2026.06.01	00:14:18.373	159.348				2
2026.06.01	00:14:34.323	159.347	159.387			6
2026.06.01	00:15:00.298	159.347				2
2026.06.01	00:15:01.428	159.346	159.383			6
2026.06.01	00:15:03.657	159.348	159.384			6
2026.06.01	00:16:01.533	159.348				2
2026.06.01	00:16:02.339	159.352	159.387			6
2026.06.01	00:16:05.431	159.351				2
2026.06.01	00:16:06.934	159.349	159.388			6
2026.06.01	00:17:01.535	159.349				2
2026.06.01	00:17:07.535		159.388			4
2026.06.01	00:17:33.953	159.351	159.387			6
2026.06.01	00:18:00.540	159.351				2
2026.06.01	00:18:29.160	159.349	159.386			6
2026.06.01	00:19:00.125	159.349				2
2026.06.01	00:19:30.540		159.385			4
2026.06.01	00:20:02.351	159.353	159.388			6
2026.06.01	00:21:00.334	159.353				2
2026.06.01	00:21:04.834		159.388			4
2026.06.01	00:22:00.935	159.353				2
2026.06.01	00:22:01.760	159.341	159.393			6
2026.06.01	00:22:15.452	159.345				2
2026.06.01	00:23:00.278	159.345				2
2026.06.01	00:23:01.782		159.393			4
2026.06.01	00:24:00.163	159.345				2
2026.06.01	00:24:01.966		159.393			4
2026.06.01	00:24:44.407	159.341				2
2026.06.01	00:25:03.334	159.341	159.393			6
2026.06.01	00:26:03.333	159.341				2
2026.06.01	00:26:07.836		159.393			4
2026.06.01	00:27:00.541	159.341				2
2026.06.01	00:27:08.426		159.393			4
2026.06.01	00:27:53.134		159.392			4
2026.06.01	00:28:03.427	159.341				2
2026.06.01	00:28:39.598	159.342				2
2026.06.01	00:28:52.251	159.350	159.390			6
2026.06.01	00:29:00.546	159.350				2
2026.06.01	00:29:20.540		159.389			4
2026.06.01	00:30:00.541	159.350				2
2026.06.01	00:30:20.541		159.389			4
2026.06.01	00:31:00.541	159.350				2
2026.06.01	00:31:23.134		159.389			4
2026.06.01	00:31:30.541	159.351				2
2026.06.01	00:32:02.434	159.351				2
2026.06.01	00:32:24.346		159.389			4
2026.06.01	00:33:10.540	159.351				2
2026.06.01	00:33:30.540		159.388			4
2026.06.01	00:34:00.541	159.351				2
2026.06.01	00:34:31.234		159.388			4
2026.06.01	00:35:00.540	159.351				2
2026.06.01	00:35:34.234		159.388			4
2026.06.01	00:36:00.035	159.351				2
2026.06.01	00:36:35.735		159.388			4
2026.06.01	00:37:00.540	159.351				2
2026.06.01	00:37:31.705	159.352	159.386			6
2026.06.01	00:37:32.006	159.349	159.382			6
2026.06.01	00:37:37.576	159.321	159.368			6
2026.06.01	00:37:38.330	159.322				2
2026.06.01	00:37:43.046	159.324	159.358			6
2026.06.01	00:38:00.254	159.324				2
2026.06.01	00:38:20.541	159.325				2
2026.06.01	00:38:43.064		159.358			4
2026.06.01	00:39:04.234	159.325				2
2026.06.01	00:39:46.835		159.358			4
2026.06.01	00:40:00.540	159.325				2
2026.06.01	00:40:44.764	159.322	159.355			6
2026.06.01	00:40:48.777	159.320	159.353			6
2026.06.01	00:41:01.246	159.320				2
2026.06.01	00:41:49.234		159.353			4
2026.06.01	00:42:00.939	159.320				2
2026.06.01	00:42:50.135		159.353			4
2026.06.01	00:43:00.646	159.320				2
2026.06.01	00:43:51.043		159.353			4
2026.06.01	00:44:02.294	159.320				2
2026.06.01	00:44:51.396		159.353			4
2026.06.01	00:44:56.922	159.319	159.352			6
2026.06.01	00:45:02.434	159.319				2
2026.06.01	00:45:02.734	159.307	159.373			6
2026.06.01	00:45:05.741	159.319	159.352			6
2026.06.01	00:46:01.396	159.319				2
2026.06.01	00:46:07.834		159.352			4
2026.06.01	00:46:23.135	159.320				2
2026.06.01	00:46:27.525	159.319				2
2026.06.01	00:47:02.676	159.307	159.373			6
2026.06.01	00:47:05.385	159.320	159.353			6
2026.06.01	00:47:05.986	159.319	159.352			6
2026.06.01	00:48:04.432	159.319				2
2026.06.01	00:48:07.834		159.352			4
2026.06.01	00:49:03.334	159.319				2
2026.06.01	00:49:07.834		159.352			4
2026.06.01	00:49:36.314	159.327	159.389			6
2026.06.01	00:49:39.603	159.328				2
2026.06.01	00:49:44.188	159.335	159.387			6
2026.06.01	00:49:47.191	159.336				2
2026.06.01	00:49:52.235	159.337				2
2026.06.01	00:50:03.635	159.338				2
2026.06.01	00:50:16.384	159.337				2
2026.06.01	00:50:31.610	159.336				2
2026.06.01	00:50:36.023		159.389			4
2026.06.01	00:50:53.403	159.335				2
2026.06.01	00:51:07.225	159.335				2
2026.06.01	00:51:24.635	159.342				2
2026.06.01	00:51:36.026		159.391			4
2026.06.01	00:51:37.534	159.341				2
2026.06.01	00:52:00.540	159.341				2
2026.06.01	00:52:01.924	159.340				2
2026.06.01	00:52:02.224	159.339				2
2026.06.01	00:52:14.576	159.342				2
2026.06.01	00:52:35.135	159.341				2
2026.06.01	00:52:36.030		159.392			4
2026.06.01	00:53:00.540	159.341				2
2026.06.01	00:53:17.734	159.340				2
2026.06.01	00:53:36.169		159.392			4
2026.06.01	00:53:45.724	159.341	159.389			6
2026.06.01	00:53:48.948	159.342				2
2026.06.01	00:53:49.248	159.343				2
2026.06.01	00:54:04.835	159.342				2
2026.06.01	00:54:36.032		159.394			4
2026.06.01	00:55:00.541	159.342				2
2026.06.01	00:55:03.335	159.340				2
2026.06.01	00:55:09.380	159.336	159.400			6
2026.06.01	00:55:09.680	159.340	159.394			6
2026.06.01	00:55:19.038		159.388			4
2026.06.01	00:56:00.140	159.340				2
2026.06.01	00:56:19.091		159.388			4
2026.06.01	00:56:49.509		159.387			4
2026.06.01	00:57:00.043	159.340				2
2026.06.01	00:57:03.947	159.338				2
2026.06.01	00:57:20.825	159.339				2
2026.06.01	00:57:29.247	159.337	159.388			6
2026.06.01	00:57:30.753	159.338	159.387			6
2026.06.01	00:57:38.605	159.336	159.384			6
2026.06.01	00:57:38.893		159.379			4
2026.06.01	00:58:00.273	159.336				2
2026.06.01	00:58:29.184	159.334	159.377			6
2026.06.01	00:58:33.088		159.376			4
2026.06.01	00:58:36.111		159.377			4
2026.06.01	00:58:43.338	159.335				2
2026.06.01	00:59:00.171	159.335				2
2026.06.01	00:59:36.301		159.377			4
2026.06.01	00:59:47.151	159.334	159.375			6
2026.06.01	00:59:58.874	159.332	159.369			6
2026.06.01	01:00:00.070	159.332				2
2026.06.01	01:00:00.374	159.350	159.362			6
2026.06.01	01:00:00.669	159.358	159.363			6
2026.06.01	01:00:00.970	159.359				2
2026.06.01	01:00:01.270	159.351	159.364			6
2026.06.01	01:00:01.571	159.346	159.354			6
2026.06.01	01:00:01.869	159.340	159.353			6
2026.06.01	01:00:02.172	159.336	159.349			6
2026.06.01	01:00:02.472	159.333	159.346			6
2026.06.01	01:00:03.078	159.341	159.354			6
2026.06.01	01:00:03.378	159.336	159.349			6
2026.06.01	01:00:04.276	159.340	159.345			6
2026.06.01	01:00:07.592	159.341	159.346			6
2026.06.01	01:00:08.191	159.347	159.352			6
2026.06.01	01:00:08.482	159.348	159.353			6
2026.06.01	01:00:10.295	159.344	159.349			6
2026.06.01	01:00:10.593	159.342	159.347			6
2026.06.01	01:00:10.887	159.344	159.349			6
2026.06.01	01:00:11.187	159.346	159.351			6
2026.06.01	01:00:12.089	159.347	159.352			6
2026.06.01	01:00:12.389	159.346	159.351			6
2026.06.01	01:00:12.688	159.348	159.353			6
2026.06.01	01:00:12.989	159.346	159.351			6
2026.06.01	01:00:13.297	159.350	159.355			6
2026.06.01	01:00:14.490	159.353	159.358			6
2026.06.01	01:00:14.791	159.352	159.357			6
2026.06.01	01:00:16.593	159.358	159.363			6
2026.06.01	01:00:16.893	159.363	159.368			6
2026.06.01	01:00:17.194	159.364	159.369			6
2026.06.01	01:00:17.799	159.365	159.370			6
2026.06.01	01:00:18.396	159.355	159.360			6
2026.06.01	01:00:18.694	159.356	159.361			6
2026.06.01	01:00:18.997	159.354	159.359			6
2026.06.01	01:00:19.304	159.356	159.361			6
2026.06.01	01:00:21.399	159.354	159.359			6
2026.06.01	01:00:21.709	159.356	159.361			6
2026.06.01	01:00:22.010	159.353	159.358			6
2026.06.01	01:00:22.300	159.356	159.361			6
2026.06.01	01:00:23.501	159.355	159.360			6
2026.06.01	01:00:25.309	159.352	159.357			6
2026.06.01	01:00:25.601	159.355	159.360			6
2026.06.01	01:00:27.408	159.354	159.359			6
2026.06.01	01:00:28.312	159.351	159.356			6
2026.06.01	01:00:30.402	159.348	159.353			6
2026.06.01	01:00:38.511	159.360	159.365			6
2026.06.01	01:00:38.812	159.356	159.361			6
2026.06.01	01:00:39.124	159.355	159.360			6
2026.06.01	01:00:39.419	159.352	159.357			6
2026.06.01	01:00:39.713	159.355	159.360			6
2026.06.01	01:00:40.313	159.359				2
2026.06.01	01:00:40.614	159.363	159.364			6
2026.06.01	01:00:40.915	159.360	159.361			6
2026.06.01	01:00:45.125	159.362	159.363			6
2026.06.01	01:00:45.427	159.367	159.368			6
2026.06.01	01:00:46.324	159.363	159.364			6
2026.06.01	01:00:46.626	159.364	159.365			6
2026.06.01	01:00:46.930	159.365	159.366			6
2026.06.01	01:00:47.238	159.364	159.365			6
2026.06.01	01:00:47.829	159.366	159.367			6
2026.06.01	01:00:49.635	159.360	159.361			6
2026.06.01	01:00:49.943	159.363	159.364			6
2026.06.01	01:00:50.243	159.366	159.367			6
2026.06.01	01:01:00.150	159.365	159.366			6
2026.06.01	01:01:00.460	159.363	159.364			6
2026.06.01	01:01:01.051	159.361	159.362			6
2026.06.01	01:01:01.358	159.366	159.367			6
2026.06.01	01:01:01.963	159.368	159.369			6
2026.06.01	01:01:04.654	159.366	159.367			6
2026.06.01	01:01:04.959	159.365	159.366			6
2026.06.01	01:01:09.161	159.366	159.367			6
2026.06.01	01:01:13.665	159.365	159.366			6
2026.06.01	01:01:15.778	159.366	159.367			6
2026.06.01	01:01:17.869	159.365	159.366			6
2026.06.01	01:01:19.079	159.366	159.367			6
2026.06.01	01:01:19.372	159.367	159.368			6
2026.06.01	01:01:25.086	159.366	159.367			6
2026.06.01	01:01:25.984	159.367	159.368			6
2026.06.01	01:01:28.695	159.368	159.369			6
2026.06.01	01:01:31.992	159.369	159.370			6
2026.06.01	01:01:33.194	159.371	159.372			6
2026.06.01	01:01:34.095	159.368	159.369			6
2026.06.01	01:01:44.315	159.370	159.371			6
2026.06.01	01:01:44.608	159.374	159.375			6
2026.06.01	01:01:44.910	159.376	159.377			6
2026.06.01	01:01:45.210	159.381	159.382			6
2026.06.01	01:01:45.521	159.380	159.381			6
2026.06.01	01:01:46.417	159.379				2
2026.06.01	01:01:46.716	159.377				2
2026.06.01	01:01:47.323	159.376				2
2026.06.01	01:01:47.614	159.380				2
2026.06.01	01:01:50.317	159.387	159.388			6
2026.06.01	01:01:56.932	159.388	159.389			6
2026.06.01	01:01:57.230	159.389	159.390			6
2026.06.01	01:01:59.936	159.388	159.389			6
2026.06.01	01:02:00.236	159.390	159.391			6
2026.06.01	01:02:01.441	159.386	159.387			6
2026.06.01	01:02:12.555	159.387	159.388			6
2026.06.01	01:02:13.460	159.389	159.390			6
2026.06.01	01:02:14.351	159.388	159.389			6
2026.06.01	01:02:14.652	159.387	159.388			6
2026.06.01	01:02:17.657	159.385	159.386			6
2026.06.01	01:02:20.362	159.386	159.387			6
2026.06.01	01:02:34.187	159.385	159.386			6
2026.06.01	01:02:38.983	159.386	159.387			6
2026.06.01	01:02:42.292	159.394	159.395			6
2026.06.01	01:02:42.587	159.393	159.394			6
2026.06.01	01:02:44.093	159.394	159.395			6
2026.06.01	01:02:46.790	159.403	159.404			6
2026.06.01	01:02:47.090	159.407	159.408			6
2026.06.01	01:02:47.392	159.405	159.406			6
2026.06.01	01:02:48.293	159.410	159.411			6
2026.06.01	01:02:48.594	159.413	159.414			6
2026.06.01	01:02:49.198	159.415	159.416			6
2026.06.01	01:02:49.508	159.417	159.418			6
2026.06.01	01:02:49.799	159.415	159.416			6
2026.06.01	01:02:50.099	159.412	159.413			6
2026.06.01	01:02:50.407	159.411	159.412			6
2026.06.01	01:02:50.698	159.408	159.409			6
2026.06.01	01:02:50.998	159.407	159.408			6
2026.06.01	01:02:51.899	159.406	159.407			6
2026.06.01	01:02:52.508	159.407	159.408			6
2026.06.01	01:02:52.812	159.409	159.410			6
2026.06.01	01:02:53.402	159.406	159.407			6
2026.06.01	01:02:54.304	159.407	159.408			6
2026.06.01	01:02:55.810	159.408	159.409			6
2026.06.01	01:02:56.413	159.407	159.408			6
2026.06.01	01:02:57.008	159.408	159.409			6
2026.06.01	01:02:57.919	159.407	159.408			6
2026.06.01	01:02:59.110	159.406	159.407			6
2026.06.01	01:03:00.013	159.405	159.406			6
2026.06.01	01:03:00.611	159.410	159.411			6
2026.06.01	01:03:00.911	159.412	159.413			6
2026.06.01	01:03:01.212	159.415	159.416			6
2026.06.01	01:03:01.814	159.413	159.414			6
2026.06.01	01:03:02.122	159.414	159.415			6
2026.06.01	01:03:02.414	159.413	159.414			6
2026.06.01	01:03:02.713	159.412	159.413			6
2026.06.01	01:03:05.417	159.414	159.415			6
2026.06.01	01:03:06.025	159.413	159.414			6
2026.06.01	01:03:21.044	159.411	159.412			6
2026.06.01	01:03:21.341	159.412	159.413			6
2026.06.01	01:03:22.841	159.411	159.412			6
2026.06.01	01:03:24.047	159.412	159.413			6
2026.06.01	01:03:24.353	159.413	159.414			6
2026.06.01	01:03:24.642	159.412	159.413			6
2026.06.01	01:03:27.345	159.413	159.414			6
2026.06.01	01:03:31.252	159.409	159.410			6
2026.06.01	01:03:31.553	159.404	159.405			6
2026.06.01	01:03:33.965	159.403	159.404			6
2026.06.01	01:03:35.763	159.402	159.403			6
2026.06.01	01:03:37.858	159.401	159.402			6
2026.06.01	01:03:40.862	159.402	159.403			6
2026.06.01	01:03:41.163	159.383	159.384			6
2026.06.01	01:03:41.464	159.387	159.388			6
2026.06.01	01:03:41.763	159.386	159.387			6
2026.06.01	01:03:42.364	159.387	159.388			6
2026.06.01	01:03:43.575	159.386	159.387			6
2026.06.01	01:03:43.876	159.385	159.386			6
2026.06.01	01:03:46.880	159.382	159.383			6
2026.06.01	01:03:47.171	159.381	159.382			6
2026.06.01	01:03:47.480	159.380	159.381			6
2026.06.01	01:03:47.772	159.379	159.380			6
2026.06.01	01:03:48.074	159.380	159.381			6
2026.06.01	01:03:48.381	159.381	159.382			6
2026.06.01	01:03:48.676	159.382	159.383			6
2026.06.01	01:03:48.976	159.380	159.381			6
2026.06.01	01:03:49.281	159.379	159.380			6
2026.06.01	01:03:49.574	159.381	159.382			6
2026.06.01	01:03:49.875	159.387	159.388			6
2026.06.01	01:03:50.779	159.388	159.389			6
2026.06.01	01:03:52.880	159.393	159.394			6
2026.06.01	01:03:53.180	159.395	159.396			6
2026.06.01	01:03:53.486	159.393	159.394			6
2026.06.01	01:03:53.785	159.395	159.396			6
2026.06.01	01:03:54.090	159.394	159.395			6
2026.06.01	01:03:54.681	159.393	159.394			6
2026.06.01	01:03:54.981	159.394	159.395			6
2026.06.01	01:03:57.988	159.393	159.394			6
2026.06.01	01:03:58.895	159.394	159.395			6
2026.06.01	01:03:59.188	159.396	159.397			6
2026.06.01	01:04:00.087	159.396				2
2026.06.01	01:04:00.392	159.395	159.396			6
2026.06.01	01:04:00.991	159.394	159.395			6
2026.06.01	01:04:06.395	159.395	159.396			6
2026.06.01	01:04:06.692	159.396	159.397			6
2026.06.01	01:04:07.894	159.397	159.398			6
2026.06.01	01:04:08.204	159.396	159.397			6
2026.06.01	01:04:08.494	159.395	159.396			6
2026.06.01	01:04:14.203	159.399	159.400			6
2026.06.01	01:04:14.505	159.397	159.398			6
2026.06.01	01:04:14.803	159.400	159.401			6
2026.06.01	01:04:15.105	159.398	159.399			6
2026.06.01	01:04:15.407	159.400	159.401			6
2026.06.01	01:04:15.711	159.401	159.402			6
2026.06.01	01:04:16.015	159.400	159.401			6
2026.06.01	01:04:16.613	159.401	159.402			6
2026.06.01	01:04:21.717	159.400	159.401			6
2026.06.01	01:04:22.018	159.405	159.406			6
2026.06.01	01:04:22.329	159.406	159.407			6
2026.06.01	01:04:23.521	159.407	159.408			6
2026.06.01	01:04:24.720	159.405	159.406			6
2026.06.01	01:04:25.923	159.404	159.405			6
2026.06.01	01:04:26.823	159.403	159.404			6
2026.06.01	01:04:27.727	159.402	159.403			6
2026.06.01	01:04:28.630	159.403	159.404			6
2026.06.01	01:04:29.526	159.404	159.405			6
2026.06.01	01:04:29.830	159.403	159.404			6
2026.06.01	01:04:30.728	159.398	159.399			6
2026.06.01	01:04:31.029	159.397	159.398			6
2026.06.01	01:04:31.327	159.398	159.399			6
2026.06.01	01:04:31.629	159.397	159.398			6
2026.06.01	01:04:31.931	159.394	159.395			6
2026.06.01	01:04:32.841	159.395	159.396			6
2026.06.01	01:04:33.134	159.394	159.395			6
2026.06.01	01:04:33.443	159.392	159.393			6
2026.06.01	01:04:33.734	159.393	159.394			6
2026.06.01	01:04:34.034	159.392	159.393			6
2026.06.01	01:04:36.139	159.395	159.396			6
2026.06.01	01:04:36.442	159.398	159.399			6
2026.06.01	01:04:36.739	159.397	159.398			6
2026.06.01	01:04:40.946	159.398	159.399			6
2026.06.01	01:04:41.247	159.399	159.400			6
2026.06.01	01:04:43.359	159.397	159.398			6
2026.06.01	01:04:43.653	159.396	159.397			6
2026.06.01	01:04:44.254	159.397	159.398			6
2026.06.01	01:04:44.565	159.396	159.397			6
2026.06.01	01:04:44.859	159.397	159.398			6
2026.06.01	01:04:45.468	159.396	159.397			6
2026.06.01	01:04:45.759	159.395	159.396			6
2026.06.01	01:04:46.058	159.398	159.399			6
2026.06.01	01:04:46.663	159.396	159.397			6
2026.06.01	01:04:46.971	159.397	159.398			6
2026.06.01	01:04:47.564	159.396	159.397			6
2026.06.01	01:04:47.872	159.397	159.398			6
2026.06.01	01:04:49.364	159.398	159.399			6
2026.06.01	01:04:49.669	159.396	159.397			6
2026.06.01	01:04:50.565	159.395	159.396			6
2026.06.01	01:04:50.865	159.396	159.397			6
2026.06.01	01:04:51.167	159.397	159.398			6
2026.06.01	01:04:53.867	159.396	159.397			6
2026.06.01	01:04:55.972	159.395	159.396			6
2026.06.01	01:04:56.271	159.394	159.395			6
2026.06.01	01:04:57.476	159.395	159.396			6
2026.06.01	01:04:59.289	159.393	159.394			6
2026.06.01	01:04:59.584	159.391	159.392			6
2026.06.01	01:04:59.882	159.392	159.393			6
2026.06.01	01:05:00.183	159.392				2
2026.06.01	01:05:00.486	159.393	159.394			6
2026.06.01	01:05:00.783	159.391	159.392			6
2026.06.01	01:05:01.385	159.390	159.391			6
2026.06.01	01:05:01.683	159.391	159.392			6
2026.06.01	01:05:01.984	159.395	159.396			6
2026.06.01	01:05:02.282	159.394	159.395			6
2026.06.01	01:05:02.884	159.395	159.396			6
2026.06.01	01:05:03.183	159.399	159.400			6
2026.06.01	01:05:03.486	159.403	159.404			6
2026.06.01	01:05:03.788	159.409	159.410			6
2026.06.01	01:05:04.086	159.414	159.415			6
2026.06.01	01:05:04.388	159.415	159.416			6
2026.06.01	01:05:04.690	159.414	159.415			6
2026.06.01	01:05:04.988	159.413	159.414			6
2026.06.01	01:05:06.786	159.415	159.416			6
2026.06.01	01:05:07.688	159.412	159.413			6
2026.06.01	01:05:07.994	159.411	159.412			6
2026.06.01	01:05:08.888	159.410	159.411			6
2026.06.01	01:05:09.189	159.413	159.414			6
2026.06.01	01:05:16.997	159.414	159.415			6
2026.06.01	01:05:19.701	159.413	159.414			6
2026.06.01	01:05:26.312	159.412	159.413			6
2026.06.01	01:05:30.824	159.413	159.414			6
2026.06.01	01:05:32.630	159.411	159.412			6
2026.06.01	01:05:34.133	159.409	159.410			6
2026.06.01	01:05:47.646	159.410	159.411			6
2026.06.01	01:05:47.954	159.409	159.410			6
2026.06.01	01:05:48.246	159.410	159.411			6
2026.06.01	01:05:48.552	159.411	159.412			6
2026.06.01	01:05:49.449	159.410	159.411			6
2026.06.01	01:05:50.356	159.411	159.412			6
2026.06.01	01:05:51.254	159.412	159.413			6
2026.06.01	01:05:51.854	159.411	159.412			6
2026.06.01	01:05:52.455	159.410	159.411			6
2026.06.01	01:05:53.362	159.412	159.413			6
2026.06.01	01:05:54.553	159.411	159.412			6
2026.06.01	01:05:55.161	159.410	159.411			6
2026.06.01	01:05:55.455	159.411	159.412			6
2026.06.01	01:05:57.866	159.410	159.411			6
2026.06.01	01:05:58.478	159.411	159.412			6
2026.06.01	01:05:59.671	159.415	159.416			6
2026.06.01	01:06:00.270	159.414	159.415			6
2026.06.01	01:06:00.573	159.415	159.416			6
2026.06.01	01:06:00.871	159.417	159.418			6
2026.06.01	01:06:02.072	159.416	159.417			6
2026.06.01	01:06:02.376	159.417	159.418			6
2026.06.01	01:06:02.978	159.414	159.415			6
2026.06.01	01:06:03.280	159.413	159.414			6
2026.06.01	01:06:03.590	159.414	159.415			6
2026.06.01	01:06:05.087	159.413	159.414			6
2026.06.01	01:06:08.997	159.415	159.416			6
2026.06.01	01:06:28.817	159.421	159.422			6
2026.06.01	01:06:30.915	159.420	159.421			6
2026.06.01	01:06:32.127	159.421	159.422			6
2026.06.01	01:06:35.728	159.419	159.420			6
2026.06.01	01:06:36.033	159.418	159.419			6
2026.06.01	01:06:36.336	159.420	159.421			6
2026.06.01	01:06:36.630	159.421	159.422			6
2026.06.01	01:06:41.439	159.422	159.423			6
2026.06.01	01:06:42.049	159.423	159.424			6
2026.06.01	01:06:45.638	159.424	159.425			6
2026.06.01	01:06:49.844	159.420	159.421			6
2026.06.01	01:06:50.152	159.423	159.424			6
2026.06.01	01:07:00.071	159.423				2
2026.06.01	01:07:00.365	159.422	159.423			6
2026.06.01	01:07:00.978	159.423	159.424			6
2026.06.01	01:07:02.468	159.425	159.426			6
2026.06.01	01:07:03.082	159.424	159.425			6
2026.06.01	01:07:03.971	159.421	159.422			6
2026.06.01	01:07:16.006	159.417	159.418			6
2026.06.01	01:07:16.608	159.415	159.416			6
2026.06.01	01:07:20.805	159.405	159.406			6
2026.06.01	01:07:21.100	159.402	159.403			6
2026.06.01	01:07:21.410	159.403	159.404			6
2026.06.01	01:07:23.815	159.404	159.405			6
2026.06.01	01:07:28.917	159.403	159.404			6
2026.06.01	01:07:32.527	159.404	159.405			6
2026.06.01	01:07:32.819	159.403	159.404			6
2026.06.01	01:07:34.334	159.404	159.405			6
2026.06.01	01:07:36.434	159.402	159.403			6
2026.06.01	01:07:45.459	159.403	159.404			6
2026.06.01	01:07:46.047	159.402	159.403			6
2026.06.01	01:07:46.348	159.398	159.399			6
2026.06.01	01:07:46.659	159.396	159.397			6
2026.06.01	01:07:46.950	159.393	159.394			6
2026.06.01	01:07:47.248	159.389	159.390			6
2026.06.01	01:07:47.551	159.387	159.388			6
2026.06.01	01:07:47.853	159.388	159.389			6
2026.06.01	01:07:48.154	159.391	159.392			6
2026.06.01	01:07:48.452	159.392	159.393			6
2026.06.01	01:07:48.762	159.387	159.388			6
2026.06.01	01:07:51.755	159.386	159.387			6
2026.06.01	01:07:52.055	159.393	159.394			6
2026.06.01	01:07:52.355	159.392	159.393			6
2026.06.01	01:07:52.955	159.393	159.394			6
2026.06.01	01:07:53.558	159.394	159.395			6
2026.06.01	01:07:53.859	159.393	159.394			6
2026.06.01	01:07:55.361	159.394	159.395			6
2026.06.01	01:07:55.660	159.399	159.400			6
2026.06.01	01:07:56.562	159.397	159.398			6
2026.06.01	01:07:56.869	159.396	159.397			6
2026.06.01	01:08:00.170	159.396				2
2026.06.01	01:08:01.677	159.398	159.399			6
2026.06.01	01:08:03.171	159.397	159.398			6
2026.06.01	01:08:04.671	159.398	159.399			6
2026.06.01	01:08:13.392	159.397	159.398			6
2026.06.01	01:08:30.823	159.398	159.399			6
2026.06.01	01:08:31.418	159.399	159.400			6
2026.06.01	01:08:32.919	159.398	159.399			6
2026.06.01	01:08:38.035	159.399	159.400			6
2026.06.01	01:08:38.335	159.400	159.401			6
2026.06.01	01:08:40.739	159.396	159.397			6
2026.06.01	01:08:41.030	159.392	159.393			6
2026.06.01	01:08:41.331	159.393	159.394			6
2026.06.01	01:08:41.934	159.396	159.397			6
2026.06.01	01:08:42.235	159.397	159.398			6
2026.06.01	01:08:46.738	159.378	159.379			6
2026.06.01	01:08:47.036	159.380	159.381			6
2026.06.01	01:08:47.337	159.385	159.386			6
2026.06.01	01:08:47.638	159.384	159.385			6
2026.06.01	01:08:49.439	159.385	159.386			6
2026.06.01	01:08:50.642	159.387	159.388			6
2026.06.01	01:08:51.852	159.386	159.387			6
2026.06.01	01:08:52.443	159.387	159.388			6
2026.06.01	01:08:53.345	159.386	159.387			6
2026.06.01	01:08:53.646	159.387	159.388			6
2026.06.01	01:08:54.247	159.394	159.395			6
2026.06.01	01:08:54.549	159.393	159.394			6
2026.06.01	01:08:54.849	159.394	159.395			6
2026.06.01	01:08:55.450	159.392	159.393			6
2026.06.01	01:08:56.652	159.388	159.389			6
2026.06.01	01:08:56.952	159.384	159.385			6
2026.06.01	01:08:57.554	159.382	159.383			6
2026.06.01	01:08:57.862	159.384	159.385			6
2026.06.01	01:08:58.163	159.385	159.386			6
2026.06.01	01:09:00.257	159.385				2
2026.06.01	01:09:00.561	159.386	159.387			6
2026.06.01	01:09:01.463	159.387	159.388			6
2026.06.01	01:09:01.759	159.385	159.386			6
2026.06.01	01:09:02.059	159.384	159.385			6
2026.06.01	01:09:02.361	159.385	159.386			6
2026.06.01	01:09:03.265	159.386	159.387			6
2026.06.01	01:09:03.867	159.385	159.386			6
2026.06.01	01:09:05.665	159.389	159.390			6
2026.06.01	01:09:06.271	159.390	159.391			6
2026.06.01	01:09:06.869	159.391	159.392			6
2026.06.01	01:09:07.167	159.389	159.390			6
2026.06.01	01:09:07.767	159.390	159.391			6
2026.06.01	01:09:09.270	159.391	159.392			6
2026.06.01	01:09:09.584	159.389	159.390			6
2026.06.01	01:09:12.893	159.388	159.389			6
2026.06.01	01:09:17.700	159.386	159.387			6
2026.06.01	01:09:19.793	159.387	159.388			6
2026.06.01	01:09:20.103	159.389	159.390			6
2026.06.01	01:09:20.998	159.390	159.391			6
2026.06.01	01:09:25.506	159.392	159.393			6
2026.06.01	01:09:25.806	159.393	159.394			6
2026.06.01	01:09:30.622	159.394	159.395			6
2026.06.01	01:09:30.917	159.393	159.394			6
2026.06.01	01:09:32.729	159.389	159.390			6
2026.06.01	01:09:33.318	159.387	159.388			6
2026.06.01	01:09:33.923	159.389	159.390			6
2026.06.01	01:09:39.025	159.392	159.393			6
2026.06.01	01:09:40.533	159.393	159.394			6
2026.06.01	01:09:48.056	159.392	159.393			6
2026.06.01	01:09:50.762	159.388	159.389			6
2026.06.01	01:09:51.664	159.392	159.393			6
2026.06.01	01:09:51.964	159.394	159.395			6
2026.06.01	01:09:52.262	159.393	159.394			6
2026.06.01	01:09:52.565	159.391	159.392			6
2026.06.01	01:09:56.169	159.393	159.394			6
2026.06.01	01:09:56.469	159.391	159.392			6
2026.06.01	01:09:56.768	159.389	159.390			6
2026.06.01	01:09:57.068	159.390	159.391			6
2026.06.01	01:09:57.369	159.392	159.393			6
2026.06.01	01:09:57.969	159.390	159.391			6
2026.06.01	01:10:00.079	159.390				2
2026.06.01	01:10:00.381	159.392	159.393			6
2026.06.01	01:10:00.675	159.393	159.394			6
2026.06.01	01:10:01.574	159.391	159.392			6
2026.06.01	01:10:01.875	159.393	159.394			6
2026.06.01	01:10:02.175	159.392	159.393			6
2026.06.01	01:10:02.783	159.388	159.389			6
2026.06.01	01:10:04.285	159.393	159.394			6
2026.06.01	01:10:04.588	159.390	159.391			6
2026.06.01	01:10:04.899	159.391	159.392			6
2026.06.01	01:10:06.093	159.390	159.391			6
2026.06.01	01:10:06.392	159.391	159.392			6
2026.06.01	01:10:07.606	159.392	159.393			6
2026.06.01	01:10:10.304	159.394	159.395			6
2026.06.01	01:10:10.903	159.395	159.396			6
2026.06.01	01:10:11.203	159.391	159.392			6
2026.06.01	01:10:11.502	159.390	159.391			6
2026.06.01	01:10:13.917	159.388	159.389			6
2026.06.01	01:10:15.409	159.393	159.394			6
2026.06.01	01:10:19.018	159.395	159.396			6
2026.06.01	01:10:20.825	159.398	159.399			6
2026.06.01	01:10:26.531	159.396	159.397			6
2026.06.01	01:10:29.543	159.392	159.393			6
2026.06.01	01:10:29.834	159.390	159.391			6
2026.06.01	01:10:33.739	159.391	159.392			6
2026.06.01	01:10:34.039	159.389	159.390			6
2026.06.01	01:10:34.338	159.390	159.391			6
2026.06.01	01:10:35.539	159.389	159.390			6
2026.06.01	01:10:37.643	159.388	159.389			6
2026.06.01	01:10:37.945	159.387	159.388			6
2026.06.01	01:10:40.047	159.390	159.391			6
2026.06.01	01:10:44.563	159.391	159.392			6
2026.06.01	01:10:49.682	159.392	159.393			6
2026.06.01	01:10:54.783	159.390	159.391			6
2026.06.01	01:11:00.199	159.390				2
2026.06.01	01:11:15.213	159.391	159.392			6
2026.06.01	01:11:15.515	159.390	159.391			6
2026.06.01	01:11:16.716	159.391	159.392			6
2026.06.01	01:11:17.317	159.390	159.391			6
2026.06.01	01:11:17.627	159.389	159.390			6
2026.06.01	01:11:17.927	159.390	159.391			6
2026.06.01	01:11:20.930	159.391	159.392			6
2026.06.01	01:11:21.830	159.390	159.391			6
2026.06.01	01:11:23.937	159.391	159.392			6
2026.06.01	01:11:24.838	159.390	159.391			6
2026.06.01	01:11:32.660	159.391	159.392			6
2026.06.01	01:11:33.260	159.390	159.391			6
2026.06.01	01:11:33.861	159.391	159.392			6
2026.06.01	01:11:34.161	159.390	159.391			6
2026.06.01	01:11:34.462	159.391	159.392			6
2026.06.01	01:11:35.070	159.390	159.391			6
2026.06.01	01:11:36.270	159.391	159.392			6
2026.06.01	01:11:36.865	159.390	159.391			6
2026.06.01	01:11:37.767	159.389	159.390			6
2026.06.01	01:11:38.071	159.390	159.391			6
2026.06.01	01:11:38.976	159.389	159.390			6
2026.06.01	01:11:39.269	159.390	159.391			6
2026.06.01	01:11:39.870	159.389	159.390			6
2026.06.01	01:11:40.172	159.390	159.391			6
2026.06.01	01:11:40.471	159.386	159.387			6
2026.06.01	01:11:40.779	159.379	159.380			6
2026.06.01	01:11:41.082	159.385	159.386			6
2026.06.01	01:11:41.380	159.386	159.387			6
2026.06.01	01:11:44.385	159.385	159.386			6
2026.06.01	01:12:00.002	159.385				2
2026.06.01	01:12:00.312	159.382	159.383			6
2026.06.01	01:12:00.604	159.383	159.384			6
2026.06.01	01:12:01.510	159.384	159.385			6
2026.06.01	01:12:06.615	159.381	159.382			6
2026.06.01	01:12:06.914	159.385	159.386			6
2026.06.01	01:12:07.215	159.387	159.388			6
2026.06.01	01:12:10.219	159.386	159.387			6
2026.06.01	01:12:12.031	159.385	159.386			6
2026.06.01	01:12:19.241	159.383	159.384			6
2026.06.01	01:12:19.539	159.385	159.386			6
2026.06.01	01:12:22.854	159.386	159.387			6
2026.06.01	01:12:29.148	159.388	159.389			6
2026.06.01	01:12:29.449	159.387	159.388			6
2026.06.01	01:12:29.748	159.388	159.389			6
2026.06.01	01:12:30.050	159.387	159.388			6
2026.06.01	01:12:30.653	159.386	159.387			6
2026.06.01	01:12:31.853	159.388	159.389			6
2026.06.01	01:12:36.965	159.389	159.390			6
2026.06.01	01:12:37.265	159.388	159.389			6
2026.06.01	01:12:39.067	159.389	159.390			6
2026.06.01	01:12:41.169	159.390	159.391			6
2026.06.01	01:12:41.770	159.391	159.392			6
2026.06.01	01:12:42.369	159.406	159.407			6
2026.06.01	01:12:42.980	159.407	159.408			6
2026.06.01	01:12:45.075	159.406	159.407			6
2026.06.01	01:12:45.375	159.407	159.408			6
2026.06.01	01:12:45.676	159.405	159.406			6
2026.06.01	01:12:45.985	159.406	159.407			6
2026.06.01	01:12:46.277	159.407	159.408			6
2026.06.01	01:12:46.576	159.408	159.409			6
2026.06.01	01:12:47.181	159.409	159.410			6
2026.06.01	01:12:47.480	159.405	159.406			6
2026.06.01	01:12:48.985	159.409	159.410			6
2026.06.01	01:12:49.286	159.404	159.405			6
2026.06.01	01:12:49.586	159.405	159.406			6
2026.06.01	01:12:49.893	159.404	159.405			6
2026.06.01	01:12:51.987	159.401	159.402			6
2026.06.01	01:13:00.098	159.401				2
2026.06.01	01:13:09.424	159.402	159.403			6
2026.06.01	01:13:10.031	159.403	159.404			6
2026.06.01	01:13:11.520	159.393	159.394			6
2026.06.01	01:13:11.825	159.396	159.397			6
2026.06.01	01:13:12.122	159.397	159.398			6
2026.06.01	01:13:13.924	159.400	159.401			6
2026.06.01	01:13:15.725	159.399	159.400			6
2026.06.01	01:13:16.036	159.398	159.399			6
2026.06.01	01:13:16.935	159.399	159.400			6
2026.06.01	01:13:17.546	159.398	159.399			6
2026.06.01	01:13:18.136	159.389	159.390			6
2026.06.01	01:13:18.437	159.388	159.389			6
2026.06.01	01:13:31.070	159.389	159.390			6
2026.06.01	01:13:31.369	159.387	159.388			6
2026.06.01	01:13:32.268	159.388	159.389			6
2026.06.01	01:13:34.381	159.387	159.388			6
2026.06.01	01:13:39.787	159.386	159.387			6
2026.06.01	01:13:40.087	159.387	159.388			6
2026.06.01	01:13:45.497	159.388	159.389			6
2026.06.01	01:13:47.905	159.389	159.390			6
2026.06.01	01:13:49.708	159.388	159.389			6
2026.06.01	01:13:50.011	159.389	159.390			6
2026.06.01	01:13:50.307	159.388	159.389			6
2026.06.01	01:13:57.233	159.389	159.390			6
2026.06.01	01:13:57.824	159.388	159.389			6
2026.06.01	01:14:00.231	159.388				2
2026.06.01	01:14:13.153	159.389	159.390			6
2026.06.01	01:14:17.959	159.388	159.389			6
2026.06.01	01:14:18.263	159.391	159.392			6
2026.06.01	01:14:18.568	159.392	159.393			6
2026.06.01	01:14:20.668	159.395	159.396			6
2026.06.01	01:14:20.975	159.393	159.394			6
2026.06.01	01:14:25.178	159.392	159.393			6
2026.06.01	01:14:29.700	159.394	159.395			6
2026.06.01	01:14:33.004	159.387	159.388			6
2026.06.01	01:14:33.596	159.388	159.389			6
2026.06.01	01:14:37.505	159.384	159.385			6
2026.06.01	01:14:38.103	159.386	159.387			6
2026.06.01	01:14:38.403	159.385	159.386			6
2026.06.01	01:14:39.004	159.386	159.387			6
2026.06.01	01:14:43.512	159.385	159.386			6
2026.06.01	01:14:46.228	159.386	159.387			6
2026.06.01	01:14:46.523	159.387	159.388			6
2026.06.01	01:14:48.925	159.388	159.389			6
2026.06.01	01:14:49.224	159.387	159.388			6
2026.06.01	01:14:50.137	159.388	159.389			6
2026.06.01	01:14:51.331	159.389	159.390			6
2026.06.01	01:14:51.644	159.392	159.393			6
2026.06.01	01:14:51.933	159.390	159.391			6
2026.06.01	01:14:53.433	159.391	159.392			6
2026.06.01	01:14:54.638	159.390	159.391			6
2026.06.01	01:14:54.937	159.387	159.388			6
2026.06.01	01:14:55.233	159.384	159.385			6
2026.06.01	01:14:55.536	159.387	159.388			6
2026.06.01	01:14:55.837	159.388	159.389			6
2026.06.01	01:14:57.940	159.386	159.387			6
2026.06.01	01:14:58.239	159.383	159.384			6
2026.06.01	01:14:58.540	159.384	159.385			6
2026.06.01	01:14:59.445	159.385	159.386			6
2026.06.01	01:15:00.042	159.382	159.383			6
2026.06.01	01:15:02.142	159.381	159.382			6
2026.06.01	01:15:03.646	159.382	159.383			6
2026.06.01	01:15:03.948	159.381	159.382			6
2026.06.01	01:15:04.556	159.382	159.383			6
2026.06.01	01:15:05.749	159.381	159.382			6
2026.06.01	01:15:11.467	159.382	159.383			6
2026.06.01	01:15:11.766	159.380	159.381			6
2026.06.01	01:15:17.470	159.379	159.380			6
2026.06.01	01:15:20.183	159.378	159.379			6
2026.06.01	01:15:20.792	159.379	159.380			6
2026.06.01	01:15:21.390	159.381	159.382			6
2026.06.01	01:15:21.682	159.379	159.380			6
2026.06.01	01:15:25.589	159.378	159.379			6
2026.06.01	01:15:27.694	159.380	159.381			6
2026.06.01	01:15:27.990	159.379	159.380			6
2026.06.01	01:15:29.497	159.380	159.381			6
2026.06.01	01:15:29.796	159.379	159.380			6
2026.06.01	01:15:31.006	159.380	159.381			6
2026.06.01	01:15:31.301	159.379	159.380			6
2026.06.01	01:15:32.512	159.378	159.379			6
2026.06.01	01:15:35.805	159.381	159.382			6
2026.06.01	01:15:36.107	159.380	159.381			6
2026.06.01	01:15:40.609	159.379	159.380			6
2026.06.01	01:15:41.512	159.380	159.381			6
2026.06.01	01:15:42.120	159.379	159.380			6
2026.06.01	01:15:42.415	159.382	159.383			6
2026.06.01	01:15:44.537	159.381	159.382			6
2026.06.01	01:15:44.824	159.382	159.383			6
2026.06.01	01:15:45.432	159.383	159.384			6
2026.06.01	01:15:45.725	159.382	159.383			6
2026.06.01	01:15:46.035	159.383	159.384			6
2026.06.01	01:15:46.325	159.385	159.386			6
2026.06.01	01:15:46.626	159.386	159.387			6
2026.06.01	01:15:48.430	159.388	159.389			6
2026.06.01	01:15:49.043	159.387	159.388			6
2026.06.01	01:15:52.339	159.389	159.390			6
2026.06.01	01:15:52.641	159.388	159.389			6
2026.06.01	01:15:52.941	159.389	159.390			6
2026.06.01	01:15:56.250	159.390	159.391			6
2026.06.01	01:15:56.849	159.389	159.390			6
2026.06.01	01:15:58.657	159.390	159.391			6
2026.06.01	01:15:59.559	159.389	159.390			6
2026.06.01	01:16:00.155	159.389				2
2026.06.01	01:16:02.572	159.394	159.395			6
2026.06.01	01:16:02.874	159.396	159.397			6
2026.06.01	01:16:06.470	159.395	159.396			6
2026.06.01	01:16:07.970	159.397	159.398			6
2026.06.01	01:16:08.274	159.393	159.394			6
2026.06.01	01:16:08.570	159.391	159.392			6
2026.06.01	01:16:14.297	159.393	159.394			6
2026.06.01	01:16:15.193	159.392	159.393			6
2026.06.01	01:16:15.493	159.389	159.390			6
2026.06.01	01:16:16.097	159.391	159.392			6
2026.06.01	01:16:22.392	159.389	159.390			6
2026.06.01	01:16:22.695	159.388	159.389			6
2026.06.01	01:16:23.593	159.389	159.390			6
2026.06.01	01:16:23.905	159.390	159.391			6
2026.06.01	01:16:24.798	159.389	159.390			6
2026.06.01	01:16:26.307	159.388	159.389			6
2026.06.01	01:16:26.603	159.387	159.388			6
2026.06.01	01:16:30.815	159.385	159.386			6
2026.06.01	01:16:35.335	159.384	159.385			6
2026.06.01	01:16:36.237	159.386	159.387			6
2026.06.01	01:16:36.540	159.388	159.389			6
2026.06.01	01:16:39.543	159.389	159.390			6
2026.06.01	01:16:46.453	159.390	159.391			6
2026.06.01	01:16:46.755	159.389	159.390			6
2026.06.01	01:16:47.357	159.390	159.391			6
2026.06.01	01:16:53.672	159.391	159.392			6
2026.06.01	01:16:53.971	159.392	159.393			6
2026.06.01	01:16:58.476	159.391	159.392			6
2026.06.01	01:17:00.283	159.391				2
2026.06.01	01:17:02.988	159.392	159.393			6
2026.06.01	01:17:03.288	159.393	159.394			6
2026.06.01	01:17:04.197	159.392	159.393			6
2026.06.01	01:17:04.490	159.389	159.390			6
2026.06.01	01:17:04.794	159.387	159.388			6
2026.06.01	01:17:05.404	159.386	159.387			6
2026.06.01	01:17:09.001	159.388	159.389			6
2026.06.01	01:17:09.913	159.389	159.390			6
2026.06.01	01:17:12.918	159.390	159.391			6
2026.06.01	01:17:16.226	159.389	159.390			6
2026.06.01	01:17:21.044	159.390	159.391			6
2026.06.01	01:17:21.331	159.389	159.390			6
2026.06.01	01:17:36.066	159.388	159.389			6
2026.06.01	01:17:36.975	159.389	159.390			6
2026.06.01	01:17:45.685	159.390	159.391			6
2026.06.01	01:17:45.999	159.391	159.392			6
2026.06.01	01:17:51.102	159.396	159.397			6
2026.06.01	01:17:55.003	159.391	159.392			6
2026.06.01	01:17:55.316	159.393	159.394			6
2026.06.01	01:18:00.125	159.390	159.391			6
2026.06.01	01:18:00.726	159.389	159.390			6
2026.06.01	01:18:03.738	159.390	159.391			6
2026.06.01	01:18:04.336	159.389	159.390			6
2026.06.01	01:18:04.937	159.392	159.393			6
2026.06.01	01:18:05.546	159.391	159.392			6
2026.06.01	01:18:06.147	159.390	159.391			6
2026.06.01	01:18:07.350	159.389	159.390			6
2026.06.01	01:18:08.549	159.386	159.387			6
2026.06.01	01:18:10.044	159.384	159.385			6
2026.06.01	01:18:12.447	159.385	159.386			6
2026.06.01	01:18:13.650	159.387	159.388			6
2026.06.01	01:18:13.962	159.389	159.390			6
2026.06.01	01:18:16.958	159.390	159.391			6
2026.06.01	01:18:19.971	159.392	159.393			6
2026.06.01	01:18:20.271	159.391	159.392			6
2026.06.01	01:18:24.171	159.390	159.391			6
2026.06.01	01:18:27.471	159.389	159.390			6
2026.06.01	01:18:34.088	159.390	159.391			6
2026.06.01	01:18:34.999	159.394	159.395			6
2026.06.01	01:18:35.290	159.395	159.396			6
2026.06.01	01:18:42.820	159.396	159.397			6
2026.06.01	01:18:50.031	159.395	159.396			6
2026.06.01	01:18:50.332	159.396	159.397			6
2026.06.01	01:18:50.645	159.395	159.396			6
2026.06.01	01:18:53.947	159.397	159.398			6
2026.06.01	01:18:56.642	159.395	159.396			6
2026.06.01	01:18:57.239	159.394	159.395			6
2026.06.01	01:18:57.549	159.395	159.396			6
2026.06.01	01:18:58.453	159.396	159.397			6
2026.06.01	01:18:59.947	159.395	159.396			6
2026.06.01	01:19:00.247	159.395				2
2026.06.01	01:19:02.053	159.396	159.397			6
2026.06.01	01:19:04.157	159.395	159.396			6
2026.06.01	01:19:04.471	159.394	159.395			6
2026.06.01	01:19:16.786	159.396	159.397			6
2026.06.01	01:19:23.702	159.395	159.396			6
2026.06.01	01:19:24.002	159.396	159.397			6
2026.06.01	01:19:24.904	159.397	159.398			6
2026.06.01	01:19:25.204	159.396	159.397			6
2026.06.01	01:19:27.010	159.395	159.396			6
2026.06.01	01:19:32.114	159.391	159.392			6
2026.06.01	01:19:32.421	159.393	159.394			6
2026.06.01	01:19:32.714	159.395	159.396			6
2026.06.01	01:19:33.017	159.397	159.398			6
2026.06.01	01:19:33.926	159.396	159.397			6
2026.06.01	01:19:35.121	159.391	159.392			6
2026.06.01	01:19:36.923	159.393	159.394			6
2026.06.01	01:19:42.645	159.394	159.395			6
2026.06.01	01:19:46.242	159.393	159.394			6
2026.06.01	01:19:49.848	159.392	159.393			6
2026.06.01	01:19:58.582	159.391	159.392			6
2026.06.01	01:20:00.085	159.391				2
2026.06.01	01:20:08.814	159.392	159.393			6
2026.06.01	01:20:13.019	159.390	159.391			6
2026.06.01	01:20:13.619	159.389	159.390			6
2026.06.01	01:20:15.417	159.390	159.391			6
2026.06.01	01:20:16.622	159.389	159.390			6
2026.06.01	01:20:19.037	159.390	159.391			6
2026.06.01	01:20:19.931	159.388	159.389			6
2026.06.01	01:20:21.744	159.387	159.388			6
2026.06.01	01:20:23.241	159.390	159.391			6
2026.06.01	01:20:27.140	159.391	159.392			6
2026.06.01	01:20:38.275	159.392	159.393			6
2026.06.01	01:20:47.292	159.390	159.391			6
2026.06.01	01:20:50.002	159.392	159.393			6
2026.06.01	01:21:00.216	159.392				2
2026.06.01	01:21:00.818	159.390	159.391			6
2026.06.01	01:21:02.628	159.391	159.392			6
2026.06.01	01:21:03.835	159.392	159.393			6
2026.06.01	01:21:04.435	159.391	159.392			6
2026.06.01	01:21:08.945	159.393	159.394			6
2026.06.01	01:21:23.388	159.392	159.393			6
2026.06.01	01:21:23.989	159.394	159.395			6
2026.06.01	01:21:24.288	159.393	159.394			6
2026.06.01	01:21:25.191	159.392	159.393			6
2026.06.01	01:21:26.396	159.393	159.394			6
2026.06.01	01:21:26.693	159.391	159.392			6
2026.06.01	01:21:36.615	159.395	159.396			6
2026.06.01	01:21:36.913	159.396	159.397			6
2026.06.01	01:21:38.415	159.393	159.394			6
2026.06.01	01:21:39.921	159.392	159.393			6
2026.06.01	01:21:40.522	159.391	159.392			6
2026.06.01	01:21:44.134	159.393	159.394			6
2026.06.01	01:21:44.441	159.392	159.393			6
2026.06.01	01:21:54.361	159.393	159.394			6
2026.06.01	01:21:54.954	159.390	159.391			6
2026.06.01	01:21:55.557	159.392	159.393			6
2026.06.01	01:21:57.055	159.390	159.391			6
2026.06.01	01:22:00.068	159.390				2
2026.06.01	01:22:00.368	159.391	159.392			6
2026.06.01	01:22:04.573	159.390	159.391			6
2026.06.01	01:22:04.871	159.387	159.388			6
2026.06.01	01:22:05.168	159.388	159.389			6
2026.06.01	01:22:06.369	159.387	159.388			6
2026.06.01	01:22:10.286	159.388	159.389			6
2026.06.01	01:22:13.600	159.386	159.387			6
2026.06.01	01:22:13.893	159.383	159.384			6
2026.06.01	01:22:14.193	159.384	159.385			6
2026.06.01	01:22:19.610	159.383	159.384			6
2026.06.01	01:22:19.910	159.382	159.383			6
2026.06.01	01:22:20.808	159.384	159.385			6
2026.06.01	01:22:21.103	159.382	159.383			6
2026.06.01	01:22:22.912	159.383	159.384			6
2026.06.01	01:22:28.020	159.382	159.383			6
2026.06.01	01:22:41.265	159.383	159.384			6
2026.06.01	01:22:45.176	159.385	159.386			6
2026.06.01	01:22:45.466	159.384	159.385			6
2026.06.01	01:22:55.398	159.386	159.387			6
2026.06.01	01:22:55.692	159.385	159.386			6
2026.06.01	01:22:58.401	159.383	159.384			6
2026.06.01	01:23:00.199	159.383				2
2026.06.01	01:23:02.303	159.386	159.387			6
2026.06.01	01:23:02.602	159.387	159.388			6
2026.06.01	01:23:05.610	159.388	159.389			6
2026.06.01	01:23:09.519	159.387	159.388			6
2026.06.01	01:23:13.134	159.384	159.385			6
2026.06.01	01:23:13.440	159.387	159.388			6
2026.06.01	01:23:15.246	159.388	159.389			6
2026.06.01	01:23:25.152	159.387	159.388			6
2026.06.01	01:23:32.375	159.386	159.387			6
2026.06.01	01:23:32.971	159.387	159.388			6
2026.06.01	01:23:34.177	159.386	159.387			6
2026.06.01	01:23:34.470	159.387	159.388			6
2026.06.01	01:23:37.470	159.388	159.389			6
2026.06.01	01:23:37.772	159.386	159.387			6
2026.06.01	01:23:39.583	159.387	159.388			6
2026.06.01	01:23:42.586	159.388	159.389			6
2026.06.01	01:23:42.879	159.389	159.390			6
2026.06.01	01:23:43.494	159.387	159.388			6
2026.06.01	01:23:43.789	159.388	159.389			6
2026.06.01	01:23:44.086	159.387	159.388			6
2026.06.01	01:23:44.687	159.388	159.389			6
2026.06.01	01:23:46.204	159.390	159.391			6
2026.06.01	01:23:46.494	159.387	159.388			6
2026.06.01	01:23:47.095	159.388	159.389			6
2026.06.01	01:23:48.299	159.387	159.388			6
2026.06.01	01:23:59.123	159.388	159.389			6
2026.06.01	01:23:59.723	159.387	159.388			6
2026.06.01	01:24:00.023	159.386	159.387			6
2026.06.01	01:24:00.324	159.387	159.388			6
2026.06.01	01:24:00.928	159.388	159.389			6
2026.06.01	01:24:03.033	159.387	159.388			6
2026.06.01	01:24:03.333	159.386	159.387			6
2026.06.01	01:24:05.736	159.387	159.388			6
2026.06.01	01:24:08.146	159.386	159.387			6
2026.06.01	01:24:08.441	159.385	159.386			6
2026.06.01	01:24:10.846	159.386	159.387			6
2026.06.01	01:24:11.749	159.387	159.388			6
2026.06.01	01:24:13.256	159.388	159.389			6
2026.06.01	01:24:13.548	159.387	159.388			6
2026.06.01	01:24:13.849	159.386	159.387			6
2026.06.01	01:24:15.354	159.387	159.388			6
2026.06.01	01:24:16.560	159.388	159.389			6
2026.06.01	01:24:18.968	159.386	159.387			6
2026.06.01	01:24:19.269	159.388	159.389			6
2026.06.01	01:24:21.369	159.389	159.390			6
2026.06.01	01:24:21.971	159.388	159.389			6
2026.06.01	01:24:23.173	159.387	159.388			6
2026.06.01	01:24:23.481	159.388	159.389			6
2026.06.01	01:24:24.682	159.387	159.388			6
2026.06.01	01:24:25.277	159.386	159.387			6
2026.06.01	01:24:25.585	159.384	159.385			6
2026.06.01	01:24:25.885	159.385	159.386			6
2026.06.01	01:24:26.183	159.386	159.387			6
2026.06.01	01:24:32.801	159.387	159.388			6
2026.06.01	01:24:33.104	159.389	159.390			6
2026.06.01	01:24:33.395	159.387	159.388			6
2026.06.01	01:24:33.697	159.388	159.389			6
2026.06.01	01:24:37.305	159.386	159.387			6
2026.06.01	01:24:37.605	159.387	159.388			6
2026.06.01	01:24:41.226	159.388	159.389			6
2026.06.01	01:24:43.023	159.387	159.388			6
2026.06.01	01:24:46.023	159.386	159.387			6
2026.06.01	01:24:46.334	159.387	159.388			6
2026.06.01	01:24:46.929	159.388	159.389			6
2026.06.01	01:24:53.841	159.389	159.390			6
2026.06.01	01:24:54.142	159.387	159.388			6
2026.06.01	01:24:54.453	159.388	159.389			6
2026.06.01	01:24:55.651	159.387	159.388			6
2026.06.01	01:24:55.944	159.388	159.389			6
2026.06.01	01:24:56.244	159.387	159.388			6
2026.06.01	01:25:00.154	159.387				2
2026.06.01	01:25:02.264	159.386	159.387			6
2026.06.01	01:25:02.555	159.388	159.389			6
2026.06.01	01:25:06.777	159.393	159.394			6
2026.06.01	01:25:07.972	159.394	159.395			6
2026.06.01	01:25:08.273	159.395	159.396			6
2026.06.01	01:25:08.572	159.396	159.397			6
2026.06.01	01:25:09.173	159.399	159.400			6
2026.06.01	01:25:09.472	159.400	159.401			6
2026.06.01	01:25:09.776	159.399	159.400			6
2026.06.01	01:25:10.687	159.398	159.399			6
2026.06.01	01:25:18.497	159.400	159.401			6
2026.06.01	01:25:19.714	159.401	159.402			6
2026.06.01	01:25:21.811	159.400	159.401			6
2026.06.01	01:25:22.112	159.399	159.400			6
2026.06.01	01:25:24.518	159.400	159.401			6
2026.06.01	01:25:29.338	159.399	159.400			6
2026.06.01	01:25:35.957	159.398	159.399			6
2026.06.01	01:25:38.353	159.399	159.400			6
2026.06.01	01:25:38.653	159.398	159.399			6
2026.06.01	01:25:43.474	159.397	159.398			6
2026.06.01	01:25:48.281	159.398	159.399			6
2026.06.01	01:25:50.371	159.396	159.397			6
2026.06.01	01:25:54.296	159.397	159.398			6
2026.06.01	01:25:58.793	159.396	159.397			6
2026.06.01	01:26:00.002	159.396				2
2026.06.01	01:26:03.607	159.397	159.398			6
2026.06.01	01:26:04.800	159.398	159.399			6
2026.06.01	01:26:10.525	159.399	159.400			6
2026.06.01	01:26:10.820	159.397	159.398			6
2026.06.01	01:26:15.334	159.399	159.400			6
2026.06.01	01:26:24.643	159.400	159.401			6
2026.06.01	01:26:24.953	159.399	159.400			6
2026.06.01	01:26:29.461	159.398	159.399			6
2026.06.01	01:26:30.363	159.399	159.400			6
2026.06.01	01:26:30.662	159.400	159.401			6
2026.06.01	01:26:30.966	159.399	159.400			6
2026.06.01	01:26:33.967	159.398	159.399			6
2026.06.01	01:26:36.672	159.400	159.401			6
2026.06.01	01:26:39.085	159.399	159.400			6
2026.06.01	01:26:42.693	159.400	159.401			6
2026.06.01	01:26:45.097	159.399	159.400			6
2026.06.01	01:26:45.405	159.400	159.401			6
2026.06.01	01:26:46.289	159.401	159.402			6
2026.06.01	01:26:46.589	159.400	159.401			6
2026.06.01	01:26:46.889	159.401	159.402			6
2026.06.01	01:26:50.491	159.405	159.406			6
2026.06.01	01:26:50.791	159.404	159.405			6
2026.06.01	01:26:54.706	159.402	159.403			6
2026.06.01	01:26:55.008	159.403	159.404			6
2026.06.01	01:26:55.598	159.404	159.405			6
2026.06.01	01:26:57.108	159.405	159.406			6
2026.06.01	01:26:57.407	159.407	159.408			6
2026.06.01	01:27:00.104	159.407				2
2026.06.01	01:27:04.903	159.406	159.407			6
2026.06.01	01:27:05.504	159.408	159.409			6
2026.06.01	01:27:05.801	159.399	159.400			6
2026.06.01	01:27:06.103	159.400	159.401			6
2026.06.01	01:27:09.109	159.401	159.402			6
2026.06.01	01:27:10.309	159.402	159.403			6
2026.06.01	01:27:15.419	159.403	159.404			6
2026.06.01	01:27:15.719	159.402	159.403			6
2026.06.01	01:27:16.319	159.401	159.402			6
2026.06.01	01:27:16.620	159.402	159.403			6
2026.06.01	01:27:17.523	159.401	159.402			6
2026.06.01	01:27:20.537	159.402	159.403			6
2026.06.01	01:27:22.040	159.401	159.402			6
2026.06.01	01:27:25.347	159.403	159.404			6
2026.06.01	01:27:27.159	159.404	159.405			6
2026.06.01	01:27:30.457	159.402	159.403			6
2026.06.01	01:27:30.762	159.403	159.404			6
2026.06.01	01:27:31.977	159.402	159.403			6
2026.06.01	01:27:33.168	159.404	159.405			6
2026.06.01	01:27:34.079	159.405	159.406			6
2026.06.01	01:27:36.174	159.409	159.410			6
2026.06.01	01:27:36.775	159.408	159.409			6
2026.06.01	01:27:38.887	159.405	159.406			6
2026.06.01	01:27:42.187	159.404	159.405			6
2026.06.01	01:27:54.515	159.411	159.412			6
2026.06.01	01:27:55.425	159.408	159.409			6
2026.06.01	01:28:00.233	159.408				2
2026.06.01	01:28:01.140	159.409	159.410			6
2026.06.01	01:28:05.046	159.407	159.408			6
2026.06.01	01:28:05.942	159.408	159.409			6
2026.06.01	01:28:06.251	159.409	159.410			6
2026.06.01	01:28:11.648	159.410	159.411			6
2026.06.01	01:28:15.568	159.401	159.402			6
2026.06.01	01:28:16.174	159.405	159.406			6
2026.06.01	01:28:16.465	159.406	159.407			6
2026.06.01	01:28:18.267	159.405	159.406			6
2026.06.01	01:28:20.981	159.406	159.407			6
2026.06.01	01:28:21.269	159.408	159.409			6
2026.06.01	01:28:21.579	159.409	159.410			6
2026.06.01	01:28:22.171	159.404	159.405			6
2026.06.01	01:28:22.474	159.402	159.403			6
2026.06.01	01:28:26.677	159.403	159.404			6
2026.06.01	01:28:26.978	159.402	159.403			6
2026.06.01	01:28:28.780	159.405	159.406			6
2026.06.01	01:28:29.082	159.404	159.405			6
2026.06.01	01:28:30.283	159.405	159.406			6
2026.06.01	01:28:31.184	159.403	159.404			6
2026.06.01	01:28:31.793	159.404	159.405			6
2026.06.01	01:28:32.086	159.403	159.404			6
2026.06.01	01:28:36.303	159.404	159.405			6
2026.06.01	01:28:36.594	159.403	159.404			6
2026.06.01	01:28:42.314	159.405	159.406			6
2026.06.01	01:28:47.123	159.406	159.407			6
2026.06.01	01:28:48.016	159.407	159.408			6
2026.06.01	01:28:48.927	159.405	159.406			6
2026.06.01	01:28:52.542	159.406	159.407			6
2026.06.01	01:28:52.844	159.407	159.408			6
2026.06.01	01:28:57.045	159.409	159.410			6
2026.06.01	01:28:58.250	159.410	159.411			6
2026.06.01	01:28:58.564	159.409	159.410			6
2026.06.01	01:28:58.849	159.410	159.411			6
2026.06.01	01:28:59.447	159.411	159.412			6
2026.06.01	01:29:00.051	159.411				2
2026.06.01	01:29:03.062	159.410	159.411			6
2026.06.01	01:29:03.960	159.406	159.407			6
2026.06.01	01:29:04.867	159.407	159.408			6
2026.06.01	01:29:06.376	159.408	159.409			6
2026.06.01	01:29:06.682	159.409	159.410			6
2026.06.01	01:29:18.094	159.410	159.411			6
2026.06.01	01:29:29.522	159.409	159.410			6
2026.06.01	01:29:29.835	159.408	159.409			6
2026.06.01	01:29:30.132	159.409	159.410			6
2026.06.01	01:29:31.346	159.410	159.411			6
2026.06.01	01:29:37.351	159.409	159.410			6
2026.06.01	01:29:41.257	159.411	159.412			6
2026.06.01	01:29:44.254	159.410	159.411			6
2026.06.01	01:29:49.065	159.411	159.412			6
2026.06.01	01:29:57.177	159.412	159.413			6
2026.06.01	01:30:00.183	159.412				2
2026.06.01	01:30:01.090	159.411	159.412			6
2026.06.01	01:30:01.688	159.413	159.414			6
2026.06.01	01:30:01.988	159.412	159.413			6
2026.06.01	01:30:02.587	159.408	159.409			6
2026.06.01	01:30:08.603	159.409	159.410			6
2026.06.01	01:30:10.411	159.408	159.409			6
2026.06.01	01:30:10.705	159.405	159.406			6
2026.06.01	01:30:12.207	159.406	159.407			6
2026.06.01	01:30:12.520	159.407	159.408			6
2026.06.01	01:30:16.715	159.406	159.407			6
2026.06.01	01:30:18.828	159.407	159.408			6
2026.06.01	01:30:20.623	159.410	159.411			6
2026.06.01	01:30:20.922	159.411	159.412			6
2026.06.01	01:30:21.222	159.410	159.411			6
2026.06.01	01:30:21.524	159.409	159.410			6
2026.06.01	01:30:23.931	159.410	159.411			6
2026.06.01	01:30:24.229	159.409	159.410			6
2026.06.01	01:30:24.530	159.410	159.411			6
2026.06.01	01:30:28.435	159.411	159.412			6
2026.06.01	01:30:28.735	159.410	159.411			6
2026.06.01	01:30:33.240	159.416	159.417			6
2026.06.01	01:30:33.556	159.422	159.423			6
2026.06.01	01:30:33.852	159.423	159.424			6
2026.06.01	01:30:35.944	159.424	159.425			6
2026.06.01	01:30:36.847	159.422	159.423			6
2026.06.01	01:30:38.651	159.423	159.424			6
2026.06.01	01:30:38.955	159.422	159.423			6
2026.06.01	01:30:39.853	159.423	159.424			6
2026.06.01	01:30:40.150	159.422	159.423			6
2026.06.01	01:30:40.454	159.423	159.424			6
2026.06.01	01:30:41.957	159.422	159.423			6
2026.06.01	01:30:48.262	159.421	159.422			6
2026.06.01	01:30:48.569	159.422	159.423			6
2026.06.01	01:30:49.173	159.421	159.422			6
2026.06.01	01:30:49.468	159.422	159.423			6
2026.06.01	01:30:50.672	159.421	159.422			6
2026.06.01	01:30:50.968	159.422	159.423			6
2026.06.01	01:30:51.269	159.421	159.422			6
2026.06.01	01:30:51.568	159.422	159.423			6
2026.06.01	01:30:52.167	159.421	159.422			6
2026.06.01	01:30:52.468	159.422	159.423			6
2026.06.01	01:30:53.080	159.421	159.422			6
2026.06.01	01:30:58.787	159.423	159.424			6
2026.06.01	01:30:59.086	159.426	159.427			6
2026.06.01	01:31:00.287	159.426				2
2026.06.01	01:31:00.892	159.425	159.426			6
2026.06.01	01:31:05.704	159.426	159.427			6
2026.06.01	01:31:06.007	159.427	159.428			6
2026.06.01	01:31:08.400	159.425	159.426			6
2026.06.01	01:31:09.903	159.424	159.425			6
2026.06.01	01:31:11.405	159.425	159.426			6
2026.06.01	01:31:11.717	159.427	159.428			6
2026.06.01	01:31:15.308	159.426	159.427			6
2026.06.01	01:31:15.608	159.424	159.425			6
2026.06.01	01:31:18.921	159.425	159.426			6
2026.06.01	01:31:19.213	159.427	159.428			6
2026.06.01	01:31:19.513	159.428	159.429			6
2026.06.01	01:31:20.121	159.426	159.427			6
2026.06.01	01:31:20.421	159.427	159.428			6
2026.06.01	01:31:21.315	159.425	159.426			6
2026.06.01	01:31:29.135	159.426	159.427			6
2026.06.01	01:31:29.437	159.427	159.428			6
2026.06.01	01:31:29.735	159.426	159.427			6
2026.06.01	01:31:34.246	159.427	159.428			6
2026.06.01	01:31:34.536	159.425	159.426			6
2026.06.01	01:31:34.836	159.423	159.424			6
2026.06.01	01:31:36.641	159.422	159.423			6
2026.06.01	01:31:36.941	159.423	159.424			6
2026.06.01	01:31:39.049	159.424	159.425			6
2026.06.01	01:31:39.350	159.423	159.424			6
2026.06.01	01:31:39.952	159.424	159.425			6
2026.06.01	01:31:40.241	159.423	159.424			6
2026.06.01	01:31:40.542	159.424	159.425			6
2026.06.01	01:31:40.843	159.423	159.424			6
2026.06.01	01:31:41.446	159.424	159.425			6
2026.06.01	01:31:41.748	159.423	159.424			6
2026.06.01	01:31:42.056	159.424	159.425			6
2026.06.01	01:31:42.348	159.423	159.424			6
2026.06.01	01:31:42.957	159.424	159.425			6
2026.06.01	01:31:43.249	159.423	159.424			6
2026.06.01	01:31:43.550	159.424	159.425			6
2026.06.01	01:31:43.852	159.423	159.424			6
2026.06.01	01:31:44.147	159.424	159.425			6
2026.06.01	01:31:44.750	159.423	159.424			6
2026.06.01	01:31:45.062	159.424	159.425			6
2026.06.01	01:31:45.350	159.423	159.424			6
2026.06.01	01:31:45.656	159.422	159.423			6
2026.06.01	01:31:45.962	159.423	159.424			6
2026.06.01	01:31:48.655	159.422	159.423			6
2026.06.01	01:31:48.966	159.423	159.424			6
2026.06.01	01:31:50.162	159.422	159.423			6
2026.06.01	01:31:50.462	159.423	159.424			6
2026.06.01	01:31:51.673	159.422	159.423			6
2026.06.01	01:31:51.964	159.423	159.424			6
2026.06.01	01:31:53.168	159.422	159.423			6
2026.06.01	01:31:53.466	159.423	159.424			6
2026.06.01	01:31:54.666	159.422	159.423			6
2026.06.01	01:31:54.969	159.423	159.424			6
2026.06.01	01:31:56.171	159.422	159.423			6
2026.06.01	01:31:56.472	159.423	159.424			6
2026.06.01	01:31:56.775	159.422	159.423			6
2026.06.01	01:31:57.078	159.423	159.424			6
2026.06.01	01:31:57.676	159.422	159.423			6
2026.06.01	01:31:57.977	159.423	159.424			6
2026.06.01	01:31:58.277	159.422	159.423			6
2026.06.01	01:31:58.578	159.423	159.424			6
2026.06.01	01:31:59.180	159.422	159.423			6
2026.06.01	01:31:59.480	159.423	159.424			6
2026.06.01	01:31:59.784	159.422	159.423			6
2026.06.01	01:32:00.085	159.423	159.424			6
2026.06.01	01:32:00.684	159.422	159.423			6
2026.06.01	01:32:00.987	159.423	159.424			6
2026.06.01	01:32:01.293	159.422	159.423			6
2026.06.01	01:32:01.587	159.423	159.424			6
2026.06.01	01:32:02.186	159.422	159.423			6
2026.06.01	01:32:02.497	159.423	159.424			6
2026.06.01	01:32:02.796	159.422	159.423			6
2026.06.01	01:32:03.087	159.423	159.424			6
2026.06.01	01:32:13.301	159.422	159.423			6
2026.06.01	01:32:13.901	159.423	159.424			6
2026.06.01	01:32:14.213	159.422	159.423			6
2026.06.01	01:32:18.406	159.421	159.422			6
2026.06.01	01:32:19.007	159.422	159.423			6
2026.06.01	01:32:19.616	159.424	159.425			6
2026.06.01	01:32:19.909	159.426	159.427			6
2026.06.01	01:32:22.620	159.424	159.425			6
2026.06.01	01:32:22.912	159.423	159.424			6
2026.06.01	01:32:24.115	159.422	159.423			6
2026.06.01	01:32:24.415	159.423	159.424			6
2026.06.01	01:32:24.713	159.422	159.423			6
2026.06.01	01:32:25.015	159.421	159.422			6
2026.06.01	01:32:30.426	159.422	159.423			6
2026.06.01	01:32:31.628	159.421	159.422			6
2026.06.01	01:32:31.934	159.422	159.423			6
2026.06.01	01:32:33.133	159.423	159.424			6
2026.06.01	01:32:33.433	159.424	159.425			6
2026.06.01	01:32:34.942	159.420	159.421			6
2026.06.01	01:32:35.535	159.419	159.420			6
2026.06.01	01:32:36.137	159.420	159.421			6
2026.06.01	01:32:37.638	159.411	159.412			6
2026.06.01	01:32:37.942	159.407	159.408			6
2026.06.01	01:32:39.155	159.406				2
2026.06.01	01:32:49.372		159.407			4
2026.06.01	01:32:49.972	159.407	159.408			6
2026.06.01	01:32:50.577	159.409	159.410			6
2026.06.01	01:32:50.876	159.412	159.413			6
2026.06.01	01:32:51.177	159.411				2
2026.06.01	01:32:51.477	159.410	159.412			6
2026.06.01	01:32:52.069	159.411	159.413			6
2026.06.01	01:32:52.677	159.412	159.414			6
2026.06.01	01:32:55.675	159.411	159.413			6
2026.06.01	01:32:58.677	159.412	159.414			6
2026.06.01	01:32:59.891	159.411	159.413			6
2026.06.01	01:33:00.184	159.412				2
2026.06.01	01:33:12.498	159.411	159.412			6
2026.06.01	01:33:17.613	159.412	159.413			6
2026.06.01	01:33:20.319	159.413	159.414			6
2026.06.01	01:33:30.539	159.412	159.413			6
2026.06.01	01:33:32.647	159.414	159.415			6
2026.06.01	01:33:33.850	159.413	159.414			6
2026.06.01	01:33:34.746	159.412	159.413			6
2026.06.01	01:33:44.667	159.414	159.415			6
2026.06.01	01:33:46.167	159.413	159.414			6
2026.06.01	01:33:47.377	159.412	159.413			6
2026.06.01	01:33:48.281	159.413	159.414			6
2026.06.01	01:33:49.181	159.420	159.421			6
2026.06.01	01:33:49.483	159.422	159.423			6
2026.06.01	01:33:49.782	159.423	159.424			6
2026.06.01	01:33:50.084	159.422	159.423			6
2026.06.01	01:33:50.373	159.423	159.425			6
2026.06.01	01:33:50.986	159.422	159.424			6
2026.06.01	01:33:52.488		159.423			4
2026.06.01	01:33:53.684		159.424			4
2026.06.01	01:33:55.190	159.423				2
2026.06.01	01:33:55.486	159.425	159.426			6
2026.06.01	01:33:56.389	159.424				2
2026.06.01	01:33:58.197	159.425				2
2026.06.01	01:34:00.290	159.425				2
2026.06.01	01:34:04.800	159.424	159.425			6
2026.06.01	01:34:05.097	159.425	159.426			6
2026.06.01	01:34:05.706	159.424	159.425			6
2026.06.01	01:34:06.299	159.425	159.426			6
2026.06.01	01:34:06.597	159.432	159.433			6
2026.06.01	01:34:06.904	159.433	159.434			6
2026.06.01	01:34:07.200	159.427	159.429			6
2026.06.01	01:34:07.800	159.428	159.430			6
2026.06.01	01:34:09.602	159.427	159.429			6
2026.06.01	01:34:10.504	159.428	159.430			6
2026.06.01	01:34:11.113	159.427	159.429			6
2026.06.01	01:34:15.619	159.428	159.430			6
2026.06.01	01:34:18.917	159.427	159.429			6
2026.06.01	01:34:23.133	159.428				2
2026.06.01	01:34:29.435	159.427	159.428			6
2026.06.01	01:34:37.248	159.421	159.422			6
2026.06.01	01:34:37.544	159.420	159.421			6
2026.06.01	01:34:38.153	159.417	159.419			6
2026.06.01	01:34:38.449		159.418			4
2026.06.01	01:34:38.747		159.419			4
2026.06.01	01:34:39.056	159.418	159.420			6
2026.06.01	01:34:39.655	159.417	159.419			6
2026.06.01	01:34:42.049	159.416	159.418			6
2026.06.01	01:34:46.565	159.417	159.419			6
2026.06.01	01:34:50.179	159.418				2
2026.06.01	01:34:52.285	159.419	159.420			6
2026.06.01	01:34:56.792	159.420	159.421			6
2026.06.01	01:34:57.688	159.419	159.420			6
2026.06.01	01:34:58.290	159.417	159.418			6
2026.06.01	01:35:00.099	159.417				2
2026.06.01	01:35:07.612	159.418	159.419			6
2026.06.01	01:35:07.912	159.417	159.418			6
2026.06.01	01:35:08.518	159.418	159.419			6
2026.06.01	01:35:12.417	159.424	159.425			6
2026.06.01	01:35:12.718	159.425	159.426			6
2026.06.01	01:35:13.321	159.424				2
2026.06.01	01:35:15.734	159.425	159.427			6
2026.06.01	01:35:16.346		159.426			4
2026.06.01	01:35:16.637	159.426	159.427			6
2026.06.01	01:35:17.541	159.424	159.425			6
2026.06.01	01:35:21.150	159.420	159.421			6
2026.06.01	01:35:21.750	159.419	159.420			6
2026.06.01	01:35:26.565	159.420	159.421			6
2026.06.01	01:35:28.063	159.418	159.419			6
2026.06.01	01:35:28.355	159.417	159.418			6
2026.06.01	01:35:36.777	159.411	159.412			6
2026.06.01	01:35:37.070	159.410	159.411			6
2026.06.01	01:35:37.377	159.411	159.413			6
2026.06.01	01:35:40.684	159.412	159.414			6
2026.06.01	01:35:41.282		159.413			4
2026.06.01	01:35:51.799	159.413	159.414			6
2026.06.01	01:35:53.603	159.414	159.415			6
2026.06.01	01:35:54.815	159.413	159.414			6
2026.06.01	01:36:00.211	159.413				2
2026.06.01	01:36:02.625	159.412	159.413			6
2026.06.01	01:36:02.915	159.413	159.414			6
2026.06.01	01:36:03.217	159.414	159.415			6
2026.06.01	01:36:03.825	159.413	159.414			6
2026.06.01	01:36:04.728	159.412	159.413			6
2026.06.01	01:36:05.617	159.413	159.414			6
2026.06.01	01:36:07.722	159.411	159.412			6
2026.06.01	01:36:08.027	159.410	159.411			6
2026.06.01	01:36:11.938	159.409	159.410			6
2026.06.01	01:36:14.042	159.410	159.411			6
2026.06.01	01:36:15.840	159.411	159.412			6
2026.06.01	01:36:21.853	159.412	159.413			6
2026.06.01	01:36:26.665	159.411	159.412			6
2026.06.01	01:36:29.367	159.412	159.413			6
2026.06.01	01:36:33.886	159.413	159.414			6
2026.06.01	01:36:34.188	159.414	159.415			6
2026.06.01	01:36:34.780	159.413	159.414			6
2026.06.01	01:36:35.390	159.412	159.413			6
2026.06.01	01:36:35.982	159.413	159.414			6
2026.06.01	01:36:36.282	159.412	159.413			6
2026.06.01	01:36:36.890	159.411	159.412			6
2026.06.01	01:36:37.481	159.410	159.411			6
2026.06.01	01:36:38.389	159.411	159.412			6
2026.06.01	01:36:38.692	159.410	159.411			6
2026.06.01	01:36:39.587	159.412	159.413			6
2026.06.01	01:36:41.095	159.413	159.414			6
2026.06.01	01:36:41.394	159.412	159.413			6
2026.06.01	01:36:42.903	159.411	159.412			6
2026.06.01	01:36:44.094	159.410	159.411			6
2026.06.01	01:36:44.405	159.411	159.412			6
2026.06.01	01:36:45.595	159.410	159.411			6
2026.06.01	01:36:52.510	159.411	159.412			6
2026.06.01	01:36:53.410	159.410	159.411			6
2026.06.01	01:36:54.910	159.409	159.410			6
2026.06.01	01:36:58.521	159.410	159.411			6
2026.06.01	01:37:00.023	159.410				2
2026.06.01	01:37:00.326	159.409	159.410			6
2026.06.01	01:37:03.328	159.410	159.411			6
2026.06.01	01:37:05.744	159.411	159.412			6
2026.06.01	01:37:06.030	159.410	159.411			6
2026.06.01	01:37:06.641	159.411	159.412			6
2026.06.01	01:37:07.833	159.410	159.411			6
2026.06.01	01:37:10.234	159.409	159.410			6
2026.06.01	01:37:14.140	159.410	159.411			6
2026.06.01	01:37:15.644	159.409	159.410			6
2026.06.01	01:37:24.653	159.410	159.411			6
2026.06.01	01:37:24.955	159.409	159.410			6
2026.06.01	01:37:26.457	159.418	159.419			6
2026.06.01	01:37:26.766	159.421	159.422			6
2026.06.01	01:37:27.364	159.420	159.421			6
2026.06.01	01:37:27.957	159.421	159.422			6
2026.06.01	01:37:28.258	159.420	159.421			6
2026.06.01	01:37:36.379	159.419	159.420			6
2026.06.01	01:37:36.673	159.417	159.418			6
2026.06.01	01:37:39.082	159.418	159.419			6
2026.06.01	01:37:39.379	159.420	159.421			6
2026.06.01	01:37:41.783	159.421	159.422			6
2026.06.01	01:37:42.096	159.420	159.421			6
2026.06.01	01:37:42.685	159.418	159.419			6
2026.06.01	01:37:42.996	159.417	159.418			6
2026.06.01	01:37:44.487	159.415	159.416			6
2026.06.01	01:37:44.795	159.418	159.419			6
2026.06.01	01:37:45.090	159.419	159.420			6
2026.06.01	01:37:46.896	159.418	159.419			6
2026.06.01	01:37:49.603	159.413	159.414			6
2026.06.01	01:37:49.904	159.418	159.419			6
2026.06.01	01:37:50.210	159.419	159.420			6
2026.06.01	01:37:53.218	159.421	159.422			6
2026.06.01	01:37:54.430	159.417	159.418			6
2026.06.01	01:37:54.726	159.416	159.417			6
2026.06.01	01:37:55.628	159.415	159.416			6
2026.06.01	01:37:56.230	159.414	159.415			6
2026.06.01	01:37:57.736	159.416	159.417			6
2026.06.01	01:38:00.148	159.416				2
2026.06.01	01:38:03.149	159.417	159.418			6
2026.06.01	01:38:03.450	159.416	159.417			6
2026.06.01	01:38:05.260	159.414	159.415			6
2026.06.01	01:38:05.561	159.415	159.416			6
2026.06.01	01:38:06.765	159.416	159.417			6
2026.06.01	01:38:07.668	159.415	159.416			6
2026.06.01	01:38:08.858	159.416	159.417			6
2026.06.01	01:38:18.177	159.417	159.418			6
2026.06.01	01:38:23.906	159.416	159.417			6
2026.06.01	01:38:25.409	159.418	159.419			6
2026.06.01	01:38:25.700	159.420	159.421			6
2026.06.01	01:38:26.001	159.424	159.425			6
2026.06.01	01:38:26.301	159.423	159.424			6
2026.06.01	01:38:26.612	159.420	159.421			6
2026.06.01	01:38:27.201	159.422	159.423			6
2026.06.01	01:38:28.103	159.421	159.422			6
2026.06.01	01:38:28.403	159.422	159.423			6
2026.06.01	01:38:28.705	159.417	159.418			6
2026.06.01	01:38:29.002	159.419	159.420			6
2026.06.01	01:38:29.304	159.421	159.422			6
2026.06.01	01:38:29.604	159.422	159.423			6
2026.06.01	01:38:31.405	159.421	159.422			6
2026.06.01	01:38:31.719	159.420	159.421			6
2026.06.01	01:38:32.619	159.418	159.419			6
2026.06.01	01:38:36.529	159.419	159.420			6
2026.06.01	01:38:37.733	159.418	159.419			6
2026.06.01	01:38:38.033	159.417	159.418			6
2026.06.01	01:38:43.156	159.418	159.419			6
2026.06.01	01:38:43.452	159.417	159.418			6
2026.06.01	01:38:44.356	159.418	159.419			6
2026.06.01	01:38:45.560	159.420	159.421			6
2026.06.01	01:38:45.856	159.423	159.424			6
2026.06.01	01:38:46.462	159.421	159.422			6
2026.06.01	01:38:46.751	159.422	159.423			6
2026.06.01	01:38:47.354	159.421	159.422			6
2026.06.01	01:38:55.181	159.425	159.426			6
2026.06.01	01:38:56.975	159.424	159.425			6
2026.06.01	01:38:58.779	159.423	159.424			6
2026.06.01	01:38:59.079	159.424	159.425			6
2026.06.01	01:39:00.283	159.424				2
2026.06.01	01:39:00.895	159.425	159.426			6
2026.06.01	01:39:05.697	159.426	159.427			6
2026.06.01	01:39:07.503	159.425	159.426			6
2026.06.01	01:39:12.301	159.415	159.416			6
2026.06.01	01:39:12.606	159.416	159.417			6
2026.06.01	01:39:12.902	159.417	159.418			6
2026.06.01	01:39:13.210	159.415	159.417			6
2026.06.01	01:39:14.112		159.416			4
2026.06.01	01:39:15.914	159.414				2
2026.06.01	01:39:20.126	159.415				2
2026.06.01	01:39:27.026	159.414	159.415			6
2026.06.01	01:39:36.654	159.415	159.416			6
2026.06.01	01:39:42.349	159.416	159.417			6
2026.06.01	01:39:44.153	159.414	159.415			6
2026.06.01	01:39:45.958	159.415	159.416			6
2026.06.01	01:39:58.288	159.414	159.415			6
2026.06.01	01:39:59.194	159.415	159.416			6
2026.06.01	01:39:59.498	159.414	159.415			6
2026.06.01	01:40:00.085	159.414				2
2026.06.01	01:40:05.803	159.415	159.416			6
2026.06.01	01:40:07.005	159.416	159.417			6
2026.06.01	01:40:11.504	159.417	159.418			6
2026.06.01	01:40:16.325	159.418	159.419			6
2026.06.01	01:40:16.624	159.420	159.421			6
2026.06.01	01:40:16.925	159.419	159.420			6
2026.06.01	01:40:17.225	159.420	159.421			6
2026.06.01	01:40:17.534	159.423	159.424			6
2026.06.01	01:40:17.841	159.425	159.426			6
2026.06.01	01:40:18.128	159.426	159.427			6
2026.06.01	01:40:18.729	159.425	159.426			6
2026.06.01	01:40:19.632	159.426	159.427			6
2026.06.01	01:40:20.542	159.425	159.426			6
2026.06.01	01:40:26.249	159.426	159.427			6
2026.06.01	01:40:28.349	159.425	159.426			6
2026.06.01	01:40:28.956	159.426	159.427			6
2026.06.01	01:40:30.155	159.425	159.426			6
2026.06.01	01:40:36.777	159.426	159.427			6
2026.06.01	01:40:46.982	159.427	159.428			6
2026.06.01	01:40:48.788	159.426	159.427			6
2026.06.01	01:40:50.885	159.425	159.426			6
2026.06.01	01:40:59.314	159.423	159.424			6
2026.06.01	01:40:59.616	159.422	159.423			6
2026.06.01	01:40:59.910	159.423	159.424			6
2026.06.01	01:41:00.215	159.424	159.425			6
2026.06.01	01:41:00.510	159.420	159.421			6
2026.06.01	01:41:00.820	159.417	159.418			6
2026.06.01	01:41:05.016	159.418	159.419			6
2026.06.01	01:41:07.121	159.421	159.422			6
2026.06.01	01:41:07.425	159.424	159.425			6
2026.06.01	01:41:08.334	159.423	159.424			6
2026.06.01	01:41:09.538	159.422	159.423			6
2026.06.01	01:41:12.545	159.423	159.424			6
2026.06.01	01:41:13.150	159.424	159.425			6
2026.06.01	01:41:13.446	159.422	159.423			6
2026.06.01	01:41:14.054	159.423	159.424			6
2026.06.01	01:41:14.346	159.422	159.423			6
2026.06.01	01:41:14.655	159.423	159.424			6
2026.06.01	01:41:15.857	159.425	159.426			6
2026.06.01	01:41:16.757	159.424	159.425			6
2026.06.01	01:41:17.646	159.423	159.424			6
2026.06.01	01:41:21.556	159.422	159.423			6
2026.06.01	01:41:21.858	159.423	159.424			6
2026.06.01	01:41:22.458	159.424	159.425			6
2026.06.01	01:41:26.968	159.425	159.426			6
2026.06.01	01:41:27.267	159.424	159.425			6
2026.06.01	01:41:34.484	159.422	159.423			6
2026.06.01	01:41:35.089	159.424	159.425			6
2026.06.01	01:41:36.893	159.425	159.426			6
2026.06.01	01:41:37.201	159.424	159.425			6
2026.06.01	01:41:43.817	159.425	159.426			6
2026.06.01	01:41:44.720	159.424	159.425			6
2026.06.01	01:41:47.418	159.425	159.426			6
2026.06.01	01:41:48.020	159.424	159.425			6
2026.06.01	01:41:57.635	159.425	159.426			6
2026.06.01	01:41:57.939	159.424	159.425			6
2026.06.01	01:41:59.739	159.423	159.424			6
2026.06.01	01:42:00.039	159.424	159.425			6
2026.06.01	01:42:03.346	159.425	159.426			6
2026.06.01	01:42:05.758	159.424	159.425			6
2026.06.01	01:42:06.652	159.422	159.423			6
2026.06.01	01:42:06.961	159.420	159.421			6
2026.06.01	01:42:07.266	159.423	159.424			6
2026.06.01	01:42:07.553	159.424	159.425			6
2026.06.01	01:42:08.157	159.423	159.424			6
2026.06.01	01:42:12.669	159.419	159.420			6
2026.06.01	01:42:12.965	159.418	159.419			6
2026.06.01	01:42:17.770	159.422	159.423			6
2026.06.01	01:42:18.078	159.423	159.424			6
2026.06.01	01:42:18.370	159.424	159.425			6
2026.06.01	01:42:18.671	159.419	159.420			6
2026.06.01	01:42:18.971	159.418	159.419			6
2026.06.01	01:42:19.879	159.420	159.421			6
2026.06.01	01:42:20.773	159.417	159.418			6
2026.06.01	01:42:21.983	159.416	159.417			6
2026.06.01	01:42:27.695	159.417	159.418			6
2026.06.01	01:42:29.794	159.415	159.416			6
2026.06.01	01:42:30.101	159.416	159.417			6
2026.06.01	01:42:38.210	159.417	159.418			6
2026.06.01	01:42:44.222	159.415	159.416			6
2026.06.01	01:42:44.523	159.413	159.414			6
2026.06.01	01:42:45.124	159.412	159.413			6
2026.06.01	01:42:46.326	159.411	159.412			6
2026.06.01	01:42:46.633	159.409	159.410			6
2026.06.01	01:42:46.936	159.411	159.412			6
2026.06.01	01:42:47.236	159.410	159.411			6
2026.06.01	01:42:47.526	159.411	159.412			6
2026.06.01	01:42:47.837	159.410	159.411			6
2026.06.01	01:42:52.048	159.409	159.410			6
2026.06.01	01:42:55.947	159.408	159.409			6
2026.06.01	01:42:58.356	159.409	159.410			6
2026.06.01	01:42:58.656	159.410	159.411			6
2026.06.01	01:42:59.559	159.409	159.410			6
2026.06.01	01:43:00.164	159.409				2
2026.06.01	01:43:02.567	159.410	159.411			6
2026.06.01	01:43:03.180	159.409	159.410			6
2026.06.01	01:43:06.184	159.410	159.411			6
2026.06.01	01:43:08.277	159.409	159.410			6
2026.06.01	01:43:08.582	159.410	159.411			6
2026.06.01	01:43:10.080	159.411	159.412			6
2026.06.01	01:43:19.404	159.412	159.413			6
2026.06.01	01:43:20.315	159.411	159.412			6
2026.06.01	01:43:23.319	159.412	159.413			6
2026.06.01	01:43:25.113	159.411	159.412			6
2026.06.01	01:43:26.918	159.410	159.411			6
2026.06.01	01:43:27.518	159.411	159.412			6
2026.06.01	01:43:29.920	159.410	159.411			6
2026.06.01	01:43:30.522	159.411	159.412			6
2026.06.01	01:43:48.261	159.412	159.413			6
2026.06.01	01:43:49.461	159.411	159.412			6
2026.06.01	01:43:55.773	159.410	159.411			6
2026.06.01	01:43:56.077	159.409	159.410			6
2026.06.01	01:43:58.782	159.410	159.411			6
2026.06.01	01:43:59.075	159.411	159.412			6
2026.06.01	01:43:59.387	159.410	159.411			6
2026.06.01	01:44:00.277	159.409	159.410			6
2026.06.01	01:44:00.588	159.410	159.411			6
2026.06.01	01:44:04.790	159.411	159.412			6
2026.06.01	01:44:05.395	159.412	159.413			6
2026.06.01	01:44:05.688	159.411	159.412			6
2026.06.01	01:44:06.288	159.412	159.413			6
2026.06.01	01:44:06.596	159.411	159.412			6
2026.06.01	01:44:18.622	159.412	159.413			6
2026.06.01	01:44:22.236	159.411	159.412			6
2026.06.01	01:44:24.929	159.410	159.411			6
2026.06.01	01:44:26.747	159.411	159.412			6
2026.06.01	01:44:28.242	159.410	159.411			6
2026.06.01	01:44:28.838	159.411	159.412			6
2026.06.01	01:44:41.171	159.410	159.411			6
2026.06.01	01:44:57.693	159.411	159.412			6
2026.06.01	01:45:00.096	159.410	159.411			6
2026.06.01	01:45:00.700	159.409	159.410			6
2026.06.01	01:45:01.302	159.408	159.409			6
2026.06.01	01:45:09.418	159.409	159.410			6
2026.06.01	01:45:10.625	159.408	159.409			6
2026.06.01	01:45:16.577	159.409	159.410			6
2026.06.01	01:45:22.274	159.408	159.409			6
2026.06.01	01:45:22.574	159.409	159.410			6
2026.06.01	01:45:23.481	159.408	159.409			6
2026.06.01	01:45:24.379	159.409	159.410			6
2026.06.01	01:45:27.016	159.408	159.409			6
2026.06.01	01:45:27.322	159.409	159.410			6
2026.06.01	01:45:29.424	159.408	159.409			6
2026.06.01	01:45:29.719	159.409	159.410			6
2026.06.01	01:45:30.618	159.410	159.411			6
2026.06.01	01:45:30.925	159.409	159.410			6
2026.06.01	01:45:31.225	159.410	159.411			6
2026.06.01	01:45:32.126	159.409	159.410			6
2026.06.01	01:45:37.238	159.408	159.409			6
2026.06.01	01:45:39.942	159.409	159.410			6
2026.06.01	01:45:40.243	159.410	159.411			6
2026.06.01	01:45:41.142	159.409	159.410			6
2026.06.01	01:45:42.043	159.408	159.409			6
2026.06.01	01:45:45.961	159.409	159.410			6
2026.06.01	01:45:46.866	159.408	159.409			6
2026.06.01	01:45:47.458	159.409	159.410			6
2026.06.01	01:45:48.374	159.408	159.409			6
2026.06.01	01:45:50.175	159.409	159.410			6
2026.06.01	01:45:51.066	159.411	159.412			6
2026.06.01	01:46:00.093	159.412	159.413			6
2026.06.01	01:46:01.302	159.411	159.412			6
2026.06.01	01:46:02.198	159.412	159.413			6
2026.06.01	01:46:07.010	159.413	159.414			6
2026.06.01	01:46:08.208	159.412	159.413			6
2026.06.01	01:46:12.722	159.411	159.412			6
2026.06.01	01:46:13.020	159.410	159.411			6
2026.06.01	01:46:14.227	159.412	159.413			6
2026.06.01	01:46:14.520	159.411	159.412			6
2026.06.01	01:46:15.721	159.410	159.411			6
2026.06.01	01:46:16.023	159.411	159.412			6
2026.06.01	01:46:16.323	159.410	159.411			6
2026.06.01	01:46:20.535	159.411	159.412			6
2026.06.01	01:46:21.435	159.410	159.411			6
2026.06.01	01:46:21.743	159.411	159.412			6
2026.06.01	01:46:22.045	159.410	159.411			6
2026.06.01	01:46:22.645	159.411	159.412			6
2026.06.01	01:46:23.239	159.410	159.411			6
2026.06.01	01:46:23.544	159.411	159.412			6
2026.06.01	01:46:26.538	159.410	159.411			6
2026.06.01	01:46:27.738	159.411	159.412			6
2026.06.01	01:46:28.049	159.410	159.411			6
2026.06.01	01:46:30.742	159.411	159.412			6
2026.06.01	01:46:31.342	159.410	159.411			6
2026.06.01	01:46:40.062	159.411	159.412			6
2026.06.01	01:46:40.354	159.410	159.411			6
2026.06.01	01:46:40.663	159.411	159.412			6
2026.06.01	01:47:00.180	159.411				2
2026.06.01	01:47:01.982	159.410	159.411			6
2026.06.01	01:47:02.883	159.411	159.412			6
2026.06.01	01:47:05.586	159.410	159.411			6
2026.06.01	01:47:05.897	159.411	159.412			6
2026.06.01	01:47:06.186	159.410	159.411			6
2026.06.01	01:47:06.798	159.411	159.412			6
2026.06.01	01:47:07.990	159.410	159.411			6
2026.06.01	01:47:08.298	159.411	159.412			6
2026.06.01	01:47:08.590	159.410	159.411			6
2026.06.01	01:47:09.488	159.411	159.412			6
2026.06.01	01:47:09.798	159.410	159.411			6
2026.06.01	01:47:10.103	159.411	159.412			6
2026.06.01	01:47:13.704	159.412	159.413			6
2026.06.01	01:47:14.008	159.411	159.412			6
2026.06.01	01:47:31.730	159.410	159.411			6
2026.06.01	01:47:32.334	159.409	159.410			6
2026.06.01	01:47:32.931	159.410	159.411			6
2026.06.01	01:47:35.035	159.411	159.412			6
2026.06.01	01:47:41.355	159.412	159.413			6
2026.06.01	01:47:42.550	159.411	159.412			6
2026.06.01	01:47:50.070	159.412	159.413			6
2026.06.01	01:47:50.670	159.413	159.414			6
2026.06.01	01:47:51.572	159.412	159.413			6
2026.06.01	01:47:51.873	159.413	159.414			6
2026.06.01	01:47:52.774	159.412	159.413			6
2026.06.01	01:48:00.000	159.412				2
2026.06.01	01:48:02.101	159.411	159.412			6
2026.06.01	01:48:03.012	159.412	159.413			6
2026.06.01	01:48:03.604	159.413	159.414			6
2026.06.01	01:48:04.507	159.414	159.415			6
2026.06.01	01:48:17.735	159.415	159.416			6
2026.06.01	01:48:18.037	159.414	159.415			6
2026.06.01	01:48:22.547	159.415	159.416			6
2026.06.01	01:48:32.479	159.417	159.418			6
2026.06.01	01:48:32.768	159.419	159.420			6
2026.06.01	01:48:33.081	159.416	159.417			6
2026.06.01	01:48:33.967	159.415	159.416			6
2026.06.01	01:48:35.471	159.414	159.415			6
2026.06.01	01:48:37.877	159.415	159.416			6
2026.06.01	01:48:41.785	159.414	159.415			6
2026.06.01	01:48:43.590	159.415	159.416			6
2026.06.01	01:48:48.998	159.414	159.415			6
2026.06.01	01:48:49.609	159.412	159.413			6
2026.06.01	01:48:52.613	159.413	159.414			6
2026.06.01	01:48:54.109	159.412	159.413			6
2026.06.01	01:49:00.128	159.412				2
2026.06.01	01:49:03.737	159.413	159.414			6
2026.06.01	01:49:04.339	159.415	159.416			6
2026.06.01	01:49:04.640	159.414	159.415			6
2026.06.01	01:49:04.947	159.415	159.416			6
2026.06.01	01:49:10.647	159.414	159.415			6
2026.06.01	01:49:31.092	159.413	159.414			6
2026.06.01	01:49:47.645	159.414	159.415			6
2026.06.01	01:49:55.151	159.413	159.414			6
2026.06.01	01:49:59.971	159.412	159.413			6
2026.06.01	01:50:00.271	159.412				2
2026.06.01	01:50:21.311	159.415	159.416			6
2026.06.01	01:50:25.828	159.413	159.414			6
2026.06.01	01:50:26.423	159.412	159.413			6
2026.06.01	01:50:26.734	159.414	159.415			6
2026.06.01	01:50:30.641	159.413	159.414			6
2026.06.01	01:50:37.548	159.414	159.415			6
2026.06.01	01:50:42.069	159.411	159.412			6
2026.06.01	01:50:42.361	159.410	159.411			6
2026.06.01	01:50:56.485	159.409	159.410			6
2026.06.01	01:50:57.088	159.410	159.411			6
2026.06.01	01:51:00.092	159.410				2
2026.06.01	01:51:08.824	159.406	159.407			6
2026.06.01	01:51:09.114	159.404	159.405			6
2026.06.01	01:51:10.016	159.406	159.407			6
2026.06.01	01:51:10.315	159.409	159.410			6
2026.06.01	01:51:10.916	159.408	159.409			6
2026.06.01	01:51:11.224	159.406	159.407			6
2026.06.01	01:51:12.717	159.405	159.406			6
2026.06.01	01:51:13.319	159.404	159.405			6
2026.06.01	01:51:13.620	159.405	159.406			6
2026.06.01	01:51:22.950	159.406	159.407			6
2026.06.01	01:51:23.245	159.405	159.406			6
2026.06.01	01:51:24.149	159.403	159.404			6
2026.06.01	01:51:27.446	159.402	159.403			6
2026.06.01	01:51:27.747	159.403	159.404			6
2026.06.01	01:51:34.372	159.402	159.403			6
2026.06.01	01:51:34.967	159.399	159.400			6
2026.06.01	01:51:35.866	159.398	159.399			6
2026.06.01	01:51:42.791	159.397	159.398			6
2026.06.01	01:51:43.091	159.398	159.399			6
2026.06.01	01:51:44.593	159.397	159.398			6
2026.06.01	01:51:50.599	159.398	159.399			6
2026.06.01	01:51:51.199	159.397	159.398			6
2026.06.01	01:51:58.106	159.398	159.399			6
2026.06.01	01:51:58.405	159.397	159.398			6
2026.06.01	01:52:00.215	159.397				2
2026.06.01	01:52:05.315	159.398	159.399			6
2026.06.01	01:52:05.918	159.397	159.398			6
2026.06.01	01:52:15.245	159.398	159.399			6
2026.06.01	01:52:15.546	159.397	159.398			6
2026.06.01	01:52:15.840	159.398	159.399			6
2026.06.01	01:52:16.139	159.397	159.398			6
2026.06.01	01:52:17.340	159.398	159.399			6
2026.06.01	01:52:17.644	159.397	159.398			6
2026.06.01	01:52:27.860	159.398	159.399			6
2026.06.01	01:52:28.160	159.397	159.398			6
2026.06.01	01:52:31.476	159.398	159.399			6
2026.06.01	01:52:34.168	159.397	159.398			6
2026.06.01	01:52:34.776	159.398	159.399			6
2026.06.01	01:52:35.675	159.397	159.398			6
2026.06.01	01:52:47.105	159.398	159.399			6
2026.06.01	01:52:47.397	159.397	159.398			6
2026.06.01	01:52:48.608	159.398	159.399			6
2026.06.01	01:52:48.909	159.397	159.398			6
2026.06.01	01:53:00.016	159.397				2
2026.06.01	01:53:02.117	159.398	159.399			6
2026.06.01	01:53:02.426	159.397	159.398			6
2026.06.01	01:53:02.725	159.398	159.399			6
2026.06.01	01:53:07.836	159.399	159.400			6
2026.06.01	01:53:09.940	159.398	159.399			6
2026.06.01	01:53:10.244	159.397	159.398			6
2026.06.01	01:53:34.272	159.393	159.394			6
2026.06.01	01:53:34.889	159.394	159.395			6
2026.06.01	01:53:36.692	159.395	159.396			6
2026.06.01	01:53:37.581	159.394	159.395			6
2026.06.01	01:53:38.195	159.395	159.396			6
2026.06.01	01:53:38.494	159.394	159.395			6
2026.06.01	01:53:39.389	159.395	159.396			6
2026.06.01	01:53:39.682	159.394	159.395			6
2026.06.01	01:53:39.992	159.393	159.394			6
2026.06.01	01:53:42.686	159.395	159.396			6
2026.06.01	01:53:45.095	159.396	159.397			6
2026.06.01	01:53:46.889	159.395	159.396			6
2026.06.01	01:53:56.812	159.396	159.397			6
2026.06.01	01:53:57.112	159.395	159.396			6
2026.06.01	01:54:00.122	159.395				2
2026.06.01	01:54:03.419	159.389	159.390			6
2026.06.01	01:54:03.721	159.388	159.389			6
2026.06.01	01:54:09.130	159.389	159.390			6
2026.06.01	01:54:10.341	159.390	159.391			6
2026.06.01	01:54:11.843	159.389	159.390			6
2026.06.01	01:54:12.146	159.390	159.391			6
2026.06.01	01:54:16.949	159.389	159.390			6
2026.06.01	01:54:18.749	159.390	159.391			6
2026.06.01	01:54:20.840	159.391	159.392			6
2026.06.01	01:54:21.746	159.392	159.393			6
2026.06.01	01:54:22.061	159.391	159.392			6
2026.06.01	01:54:22.347	159.393	159.394			6
2026.06.01	01:54:26.250	159.397	159.398			6
2026.06.01	01:54:26.552	159.398	159.399			6
2026.06.01	01:54:27.160	159.397	159.398			6
2026.06.01	01:54:27.459	159.398	159.399			6
2026.06.01	01:54:31.068	159.390	159.391			6
2026.06.01	01:54:31.374	159.389	159.390			6
2026.06.01	01:54:34.979	159.388	159.389			6
2026.06.01	01:54:35.582	159.390	159.391			6
2026.06.01	01:54:36.494	159.391	159.392			6
2026.06.01	01:54:41.295	159.390	159.391			6
2026.06.01	01:54:48.507	159.391	159.392			6
2026.06.01	01:54:59.033	159.390	159.391			6
2026.06.01	01:55:00.229	159.390				2
2026.06.01	01:55:02.635	159.391	159.392			6
2026.06.01	01:55:03.245	159.389	159.390			6
2026.06.01	01:55:09.255	159.388	159.389			6
2026.06.01	01:55:11.354	159.389	159.390			6
2026.06.01	01:55:19.767	159.388	159.389			6
2026.06.01	01:55:20.057	159.389	159.390			6
2026.06.01	01:55:22.168	159.390	159.391			6
2026.06.01	01:55:22.775	159.389	159.390			6
2026.06.01	01:55:25.167	159.388	159.389			6
2026.06.01	01:55:25.469	159.387	159.388			6
2026.06.01	01:55:25.774	159.388	159.389			6
2026.06.01	01:55:26.073	159.387	159.388			6
2026.06.01	01:55:26.669	159.388	159.389			6
2026.06.01	01:55:27.268	159.387	159.388			6
2026.06.01	01:55:28.171	159.388	159.389			6
2026.06.01	01:55:28.774	159.389	159.390			6
2026.06.01	01:55:29.081	159.388	159.389			6
2026.06.01	01:55:29.983	159.389	159.390			6
2026.06.01	01:55:30.271	159.388	159.389			6
2026.06.01	01:55:30.884	159.389	159.390			6
2026.06.01	01:55:31.485	159.387	159.388			6
2026.06.01	01:55:32.977	159.388	159.389			6
2026.06.01	01:55:34.181	159.389	159.390			6
2026.06.01	01:55:40.195	159.388	159.389			6
2026.06.01	01:55:40.506	159.387	159.388			6
2026.06.01	01:55:41.095	159.388	159.389			6
2026.06.01	01:55:42.295	159.389	159.390			6
2026.06.01	01:55:43.498	159.388	159.389			6
2026.06.01	01:55:44.108	159.387	159.388			6
2026.06.01	01:55:44.399	159.389	159.390			6
2026.06.01	01:55:44.703	159.390	159.391			6
2026.06.01	01:55:45.001	159.389	159.390			6
2026.06.01	01:55:45.298	159.388	159.389			6
2026.06.01	01:55:45.900	159.389	159.390			6
2026.06.01	01:55:46.809	159.388	159.389			6
2026.06.01	01:55:47.105	159.389	159.390			6
2026.06.01	01:55:47.706	159.388	159.389			6
2026.06.01	01:55:48.009	159.389	159.390			6
2026.06.01	01:55:48.307	159.388	159.389			6
2026.06.01	01:55:48.905	159.389	159.390			6
2026.06.01	01:55:49.820	159.388	159.389			6
2026.06.01	01:55:50.112	159.389	159.390			6
2026.06.01	01:55:50.416	159.388	159.389			6
2026.06.01	01:55:50.716	159.389	159.390			6
2026.06.01	01:55:51.008	159.388	159.389			6
2026.06.01	01:55:51.316	159.387	159.388			6
2026.06.01	01:55:51.617	159.388	159.389			6
2026.06.01	01:55:51.913	159.389	159.390			6
2026.06.01	01:55:52.506	159.387	159.388			6
2026.06.01	01:55:52.808	159.388	159.389			6
2026.06.01	01:55:54.312	159.389	159.390			6
2026.06.01	01:55:54.623	159.388	159.389			6
2026.06.01	01:55:54.913	159.387	159.388			6
2026.06.01	01:55:55.221	159.389	159.390			6
2026.06.01	01:55:55.815	159.388	159.389			6
2026.06.01	01:55:56.716	159.389	159.390			6
2026.06.01	01:55:57.017	159.388	159.389			6
2026.06.01	01:55:57.619	159.389	159.390			6
2026.06.01	01:55:57.921	159.388	159.389			6
2026.06.01	01:55:58.223	159.389	159.390			6
2026.06.01	01:55:58.525	159.388	159.389			6
2026.06.01	01:55:59.122	159.389	159.390			6
2026.06.01	01:55:59.425	159.388	159.389			6
2026.06.01	01:55:59.731	159.387	159.388			6
2026.06.01	01:56:00.025	159.388	159.389			6
2026.06.01	01:56:01.234	159.389	159.390			6
2026.06.01	01:56:01.536	159.387	159.388			6
2026.06.01	01:56:01.826	159.389	159.390			6
2026.06.01	01:56:02.138	159.388	159.389			6
2026.06.01	01:56:02.430	159.389	159.390			6
2026.06.01	01:56:03.641	159.388	159.389			6
2026.06.01	01:56:03.942	159.389	159.390			6
2026.06.01	01:56:04.243	159.388	159.389			6
2026.06.01	01:56:05.736	159.389	159.390			6
2026.06.01	01:56:06.338	159.388	159.389			6
2026.06.01	01:56:08.744	159.389	159.390			6
2026.06.01	01:56:09.044	159.388	159.389			6
2026.06.01	01:56:09.350	159.389	159.390			6
2026.06.01	01:56:09.661	159.388	159.389			6
2026.06.01	01:56:09.950	159.389	159.390			6
2026.06.01	01:56:10.853	159.388	159.389			6
2026.06.01	01:56:11.464	159.389	159.390			6
2026.06.01	01:56:13.271	159.388	159.389			6
2026.06.01	01:56:13.560	159.389	159.390			6
2026.06.01	01:56:14.464	159.388	159.389			6
2026.06.01	01:56:15.668	159.389	159.390			6
2026.06.01	01:56:15.976	159.388	159.389			6
2026.06.01	01:56:16.267	159.389	159.390			6
2026.06.01	01:56:16.575	159.388	159.389			6
2026.06.01	01:56:17.470	159.389	159.390			6
2026.06.01	01:56:17.767	159.388	159.389			6
2026.06.01	01:56:18.067	159.389	159.390			6
2026.06.01	01:56:18.675	159.388	159.389			6
2026.06.01	01:56:19.269	159.389	159.390			6
2026.06.01	01:56:19.579	159.388	159.389			6
2026.06.01	01:56:21.682	159.389	159.390			6
2026.06.01	01:56:23.185	159.388	159.389			6
2026.06.01	01:56:23.473	159.389	159.390			6
2026.06.01	01:56:24.075	159.388	159.389			6
2026.06.01	01:56:24.388	159.389	159.390			6
2026.06.01	01:56:26.479	159.388	159.389			6
2026.06.01	01:56:26.784	159.389	159.390			6
2026.06.01	01:56:30.986	159.388	159.389			6
2026.06.01	01:56:31.286	159.389	159.390			6
2026.06.01	01:56:31.898	159.388	159.389			6
2026.06.01	01:56:32.803	159.389	159.390			6
2026.06.01	01:56:35.197	159.388	159.389			6
2026.06.01	01:56:35.495	159.389	159.390			6
2026.06.01	01:56:36.106	159.388	159.389			6
2026.06.01	01:56:36.407	159.389	159.390			6
2026.06.01	01:56:37.007	159.388	159.389			6
2026.06.01	01:56:37.310	159.389	159.390			6
2026.06.01	01:56:37.613	159.388	159.389			6
2026.06.01	01:56:37.902	159.389	159.390			6
2026.06.01	01:56:38.510	159.388	159.389			6
2026.06.01	01:56:38.815	159.389	159.390			6
2026.06.01	01:56:39.712	159.388	159.389			6
2026.06.01	01:56:40.015	159.389	159.390			6
2026.06.01	01:56:40.307	159.388	159.389			6
2026.06.01	01:56:40.908	159.389	159.390			6
2026.06.01	01:56:41.517	159.388	159.389			6
2026.06.01	01:56:42.109	159.389	159.390			6
2026.06.01	01:56:45.122	159.388	159.389			6
2026.06.01	01:56:45.412	159.389	159.390			6
2026.06.01	01:56:46.027	159.388	159.389			6
2026.06.01	01:56:46.328	159.390	159.391			6
2026.06.01	01:56:46.623	159.388	159.389			6
2026.06.01	01:56:47.821	159.389	159.390			6
2026.06.01	01:56:48.724	159.388	159.389			6
2026.06.01	01:56:49.024	159.389	159.390			6
2026.06.01	01:56:49.323	159.388	159.389			6
2026.06.01	01:56:49.924	159.389	159.390			6
2026.06.01	01:56:50.826	159.388	159.389			6
2026.06.01	01:56:51.127	159.389	159.390			6
2026.06.01	01:56:52.032	159.388	159.389			6
2026.06.01	01:56:52.335	159.389	159.390			6
2026.06.01	01:56:52.634	159.388	159.389			6
2026.06.01	01:56:52.935	159.389	159.390			6
2026.06.01	01:56:53.535	159.388	159.389			6
2026.06.01	01:56:54.136	159.389	159.390			6
2026.06.01	01:56:58.951	159.388	159.389			6
2026.06.01	01:56:59.551	159.389	159.390			6
2026.06.01	01:57:00.144	159.388	159.389			6
2026.06.01	01:57:00.747	159.389	159.390			6
2026.06.01	01:57:01.054	159.388	159.389			6
2026.06.01	01:57:01.651	159.389	159.390			6
2026.06.01	01:57:03.467	159.388	159.389			6
2026.06.01	01:57:03.758	159.389	159.390			6
2026.06.01	01:57:04.359	159.388	159.389			6
2026.06.01	01:57:04.662	159.389	159.390			6
2026.06.01	01:57:07.070	159.388	159.389			6
2026.06.01	01:57:07.371	159.389	159.390			6
2026.06.01	01:57:08.866	159.388	159.389			6
2026.06.01	01:57:09.777	159.389	159.390			6
2026.06.01	01:57:11.876	159.388	159.389			6
2026.06.01	01:57:12.179	159.387	159.388			6
2026.06.01	01:57:17.278	159.382	159.383			6
2026.06.01	01:57:17.578	159.379	159.380			6
2026.06.01	01:57:18.180	159.378	159.379			6
2026.06.01	01:57:18.781	159.380	159.381			6
2026.06.01	01:57:19.982	159.381	159.382			6
2026.06.01	01:57:27.202	159.380	159.381			6
2026.06.01	01:57:28.689	159.381	159.382			6
2026.06.01	01:57:29.001	159.380	159.381			6
2026.06.01	01:57:29.293	159.379	159.380			6
2026.06.01	01:57:29.600	159.380	159.381			6
2026.06.01	01:57:29.893	159.381	159.382			6
2026.06.01	01:57:30.208	159.379	159.380			6
2026.06.01	01:57:30.496	159.382	159.383			6
2026.06.01	01:57:30.803	159.381	159.382			6
2026.06.01	01:57:31.702	159.380	159.381			6
2026.06.01	01:57:32.013	159.381	159.382			6
2026.06.01	01:57:32.297	159.380	159.381			6
2026.06.01	01:57:32.913	159.381	159.382			6
2026.06.01	01:57:33.201	159.380	159.381			6
2026.06.01	01:57:33.816	159.379	159.380			6
2026.06.01	01:57:34.715	159.383	159.384			6
2026.06.01	01:57:35.015	159.387	159.388			6
2026.06.01	01:57:35.315	159.386	159.387			6
2026.06.01	01:57:36.514	159.387	159.388			6
2026.06.01	01:57:38.917	159.381	159.382			6
2026.06.01	01:57:39.219	159.380	159.381			6
2026.06.01	01:57:39.812	159.381	159.382			6
2026.06.01	01:57:40.413	159.380	159.381			6
2026.06.01	01:57:41.315	159.381	159.382			6
2026.06.01	01:57:42.516	159.380	159.381			6
2026.06.01	01:57:44.331	159.381	159.382			6
2026.06.01	01:57:44.633	159.380	159.381			6
2026.06.01	01:57:45.834	159.381	159.382			6
2026.06.01	01:57:50.652	159.380	159.381			6
2026.06.01	01:57:52.451	159.381	159.382			6
2026.06.01	01:57:54.856	159.380	159.381			6
2026.06.01	01:57:55.459	159.381	159.382			6
2026.06.01	01:57:56.647	159.379	159.380			6
2026.06.01	01:58:00.255	159.379				2
2026.06.01	01:58:02.369	159.380	159.381			6
2026.06.01	01:58:03.270	159.381	159.382			6
2026.06.01	01:58:04.464	159.380	159.381			6
2026.06.01	01:58:05.074	159.382	159.383			6
2026.06.01	01:58:12.286	159.380	159.381			6
2026.06.01	01:58:12.577	159.379	159.380			6
2026.06.01	01:58:13.792	159.380	159.381			6
2026.06.01	01:58:14.687	159.379	159.380			6
2026.06.01	01:58:28.819	159.378	159.379			6
2026.06.01	01:58:29.109	159.379	159.380			6
2026.06.01	01:58:34.845	159.383	159.384			6
2026.06.01	01:58:35.142	159.384	159.385			6
2026.06.01	01:58:35.434	159.386	159.387			6
2026.06.01	01:58:36.948	159.385	159.386			6
2026.06.01	01:58:47.464	159.386	159.387			6
2026.06.01	01:59:00.096	159.386				2
2026.06.01	01:59:00.404	159.387	159.388			6
2026.06.01	01:59:00.697	159.389	159.390			6
2026.06.01	01:59:01.303	159.390	159.391			6
2026.06.01	01:59:02.509	159.391	159.392			6
2026.06.01	01:59:03.104	159.390	159.391			6
2026.06.01	01:59:10.323	159.391	159.392			6
2026.06.01	01:59:10.610	159.390	159.391			6
2026.06.01	01:59:12.123	159.391	159.392			6
2026.06.01	01:59:12.412	159.390	159.391			6
2026.06.01	01:59:18.430	159.391	159.392			6
2026.06.01	01:59:20.835	159.390	159.391			6
2026.06.01	01:59:21.443	159.391	159.392			6
2026.06.01	01:59:22.649	159.390	159.391			6
2026.06.01	01:59:23.243	159.391	159.392			6
2026.06.01	01:59:23.540	159.390	159.391			6
2026.06.01	01:59:24.741	159.391	159.392			6
2026.06.01	01:59:25.340	159.390	159.391			6
2026.06.01	01:59:25.641	159.391	159.392			6
2026.06.01	01:59:26.541	159.390	159.391			6
2026.06.01	01:59:26.844	159.391	159.392			6
2026.06.01	01:59:28.949	159.392	159.393			6
2026.06.01	01:59:29.852	159.391	159.392			6
2026.06.01	01:59:30.156	159.392	159.393			6
2026.06.01	01:59:30.450	159.391	159.392			6
2026.06.01	01:59:30.756	159.392	159.393			6
2026.06.01	01:59:31.954	159.391	159.392			6
2026.06.01	01:59:53.284	159.390	159.391			6
2026.06.01	01:59:55.687	159.391	159.392			6
2026.06.01	01:59:56.289	159.390	159.391			6
2026.06.01	02:00:00.197	159.390				2
2026.06.01	02:00:00.493	159.392	159.393			6
2026.06.01	02:00:00.792	159.391	159.392			6
2026.06.01	02:00:01.092	159.394	159.395			6
2026.06.01	02:00:01.391	159.391	159.392			6
2026.06.01	02:00:03.810	159.388	159.389			6
2026.06.01	02:00:04.410	159.389	159.390			6
2026.06.01	02:00:06.805	159.388	159.389			6
2026.06.01	02:00:07.103	159.387	159.388			6
2026.06.01	02:00:07.406	159.388	159.389			6
2026.06.01	02:00:08.003	159.387	159.388			6
2026.06.01	02:00:08.303	159.388	159.389			6
2026.06.01	02:00:09.209	159.389	159.390			6
2026.06.01	02:00:09.518	159.388	159.389			6
2026.06.01	02:00:13.412	159.389	159.390			6
2026.06.01	02:00:13.712	159.391	159.392			6
2026.06.01	02:00:14.011	159.396	159.397			6
2026.06.01	02:00:14.311	159.394	159.395			6
2026.06.01	02:00:15.213	159.395	159.396			6
2026.06.01	02:00:18.826	159.394	159.395			6
2026.06.01	02:00:20.643	159.391	159.392			6
2026.06.01	02:00:20.939	159.390	159.391			6
2026.06.01	02:00:21.235	159.391	159.392			6
2026.06.01	02:00:22.440	159.393	159.394			6
2026.06.01	02:00:22.739	159.391	159.392			6
2026.06.01	02:00:24.244	159.389	159.390			6
2026.06.01	02:00:26.954	159.390	159.391			6
2026.06.01	02:00:27.847	159.393	159.394			6
2026.06.01	02:00:28.151	159.391	159.392			6
2026.06.01	02:00:32.065	159.390	159.391			6
2026.06.01	02:00:36.570	159.389	159.390			6
2026.06.01	02:00:36.871	159.390	159.391			6
2026.06.01	02:00:37.172	159.391	159.392			6
2026.06.01	02:00:37.473	159.390	159.391			6
2026.06.01	02:00:46.801	159.391	159.392			6
2026.06.01	02:00:47.089	159.390	159.391			6
2026.06.01	02:00:47.391	159.392	159.393			6
2026.06.01	02:00:47.690	159.390	159.391			6
2026.06.01	02:00:51.304	159.391	159.392			6
2026.06.01	02:00:51.602	159.390	159.391			6
2026.06.01	02:00:52.805	159.391	159.392			6
2026.06.01	02:00:55.515	159.390	159.391			6
2026.06.01	02:00:57.614	159.388	159.389			6
2026.06.01	02:00:59.426	159.380	159.381			6
2026.06.01	02:00:59.721	159.381	159.382			6
2026.06.01	02:01:00.026	159.381				2
2026.06.01	02:01:00.322	159.380	159.381			6
2026.06.01	02:01:00.624	159.383	159.384			6
2026.06.01	02:01:00.925	159.384	159.385			6
2026.06.01	02:01:01.825	159.383	159.384			6
2026.06.01	02:01:05.442	159.384	159.385			6
2026.06.01	02:01:05.735	159.383	159.384			6
2026.06.01	02:01:06.634	159.382	159.383			6
2026.06.01	02:01:06.933	159.385	159.386			6
2026.06.01	02:01:07.233	159.386	159.387			6
2026.06.01	02:01:08.746	159.388	159.389			6
2026.06.01	02:01:09.046	159.386	159.387			6
2026.06.01	02:01:09.347	159.387	159.388			6
2026.06.01	02:01:12.037	159.388	159.389			6
2026.06.01	02:01:13.839	159.387	159.388			6
2026.06.01	02:01:14.741	159.388	159.389			6
2026.06.01	02:01:15.945	159.387	159.388			6
2026.06.01	02:01:16.548	159.388	159.389			6
2026.06.01	02:01:16.855	159.387	159.388			6
2026.06.01	02:01:17.148	159.388	159.389			6
2026.06.01	02:01:18.050	159.386	159.387			6
2026.06.01	02:01:20.160	159.388	159.389			6
2026.06.01	02:01:21.663	159.387	159.388			6
2026.06.01	02:01:22.864	159.386	159.387			6
2026.06.01	02:01:28.579	159.388	159.389			6
2026.06.01	02:01:33.987	159.387	159.388			6
2026.06.01	02:01:35.490	159.388	159.389			6
2026.06.01	02:01:35.792	159.387	159.388			6
2026.06.01	02:01:36.087	159.388	159.389			6
2026.06.01	02:01:36.391	159.385	159.386			6
2026.06.01	02:01:37.007	159.386	159.387			6
2026.06.01	02:01:38.495	159.385	159.386			6
2026.06.01	02:01:39.706	159.386	159.387			6
2026.06.01	02:01:40.598	159.385	159.386			6
2026.06.01	02:01:40.897	159.386	159.387			6
2026.06.01	02:01:44.805	159.387	159.388			6
2026.06.01	02:01:45.705	159.388	159.389			6
2026.06.01	02:01:48.708	159.387	159.388			6
2026.06.01	02:01:49.608	159.386	159.387			6
2026.06.01	02:01:51.711	159.387	159.388			6
2026.06.01	02:01:52.319	159.386	159.387			6
2026.06.01	02:01:53.523	159.387	159.388			6
2026.06.01	02:01:53.816	159.388	159.389			6
2026.06.01	02:01:54.116	159.387	159.388			6
2026.06.01	02:01:55.930	159.388	159.389			6
2026.06.01	02:01:57.120	159.385	159.386			6
2026.06.01	02:01:57.421	159.388	159.389			6
2026.06.01	02:01:58.324	159.387	159.388			6
2026.06.01	02:01:59.833	159.388	159.389			6
2026.06.01	02:02:00.127	159.388				2
2026.06.01	02:02:09.742	159.389	159.390			6
2026.06.01	02:02:15.759	159.388	159.389			6
2026.06.01	02:02:16.953	159.389	159.390			6
2026.06.01	02:02:17.554	159.388	159.389			6
2026.06.01	02:02:18.457	159.389	159.390			6
2026.06.01	02:02:20.874	159.390	159.391			6
2026.06.01	02:02:21.170	159.389	159.390			6
2026.06.01	02:02:22.368	159.390	159.391			6
2026.06.01	02:02:28.700	159.389	159.390			6
2026.06.01	02:02:34.409	159.390	159.391			6
2026.06.01	02:02:37.122	159.391	159.392			6
2026.06.01	02:02:37.419	159.389	159.390			6
2026.06.01	02:02:38.026	159.388	159.389			6
2026.06.01	02:02:40.127	159.387	159.388			6
2026.06.01	02:02:40.433	159.386	159.387			6
2026.06.01	02:02:44.940	159.385	159.386			6
2026.06.01	02:02:52.140	159.387	159.388			6
2026.06.01	02:02:52.448	159.386	159.387			6
2026.06.01	02:02:52.742	159.387	159.388			6
2026.06.01	02:02:55.440	159.388	159.389			6
2026.06.01	02:02:55.748	159.387	159.388			6
2026.06.01	02:02:56.649	159.386	159.387			6
2026.06.01	02:02:56.944	159.387	159.388			6
2026.06.01	02:02:57.242	159.388	159.389			6
2026.06.01	02:03:00.255	159.388				2
2026.06.01	02:03:00.860	159.389	159.390			6
2026.06.01	02:03:01.752	159.390	159.391			6
2026.06.01	02:03:02.362	159.389	159.390			6
2026.06.01	02:03:03.559	159.388	159.389			6
2026.06.01	02:03:03.864	159.390	159.391			6
2026.06.01	02:03:05.064	159.389	159.390			6
2026.06.01	02:03:09.264	159.390	159.391			6
2026.06.01	02:03:09.879	159.389	159.390			6
2026.06.01	02:03:12.576	159.388	159.389			6
2026.06.01	02:03:12.870	159.389	159.390			6
2026.06.01	02:03:13.770	159.388	159.389			6
