<DATE>	<TIME>	<BID>	<ASK>	<LAST>	<VOLUME>	<FLAGS>
2026.06.02	00:03:30.880	159.638	159.700			6
2026.06.02	00:04:00.069	159.638				2
2026.06.02	00:04:24.165	159.648	159.678			6
2026.06.02	00:04:24.466	159.645				2
2026.06.02	00:04:50.540		159.677			4
2026.06.02	00:05:00.093	159.645	159.679			6
2026.06.02	00:05:28.734		159.677			4
2026.06.02	00:05:29.334		159.679			4
2026.06.02	00:05:29.634		159.677			4
2026.06.02	00:05:30.234		159.679			4
2026.06.02	00:05:30.534		159.677			4
2026.06.02	00:05:30.834		159.679			4
2026.06.02	00:05:55.546	159.641				2
2026.06.02	00:05:55.846		159.678			4
2026.06.02	00:06:00.051	159.641				2
2026.06.02	00:06:33.089	159.627	159.674			6
2026.06.02	00:06:33.390	159.638				2
2026.06.02	00:06:58.148	159.636				2
2026.06.02	00:07:01.395	159.636				2
2026.06.02	00:07:26.797		159.668			4
2026.06.02	00:07:27.097		159.674			4
2026.06.02	00:07:27.398		159.668			4
2026.06.02	00:07:27.698		159.674			4
2026.06.02	00:07:27.999		159.668			4
2026.06.02	00:07:28.305		159.674			4
2026.06.02	00:07:28.611		159.668			4
2026.06.02	00:07:28.911		159.674			4
2026.06.02	00:07:29.217		159.668			4
2026.06.02	00:07:29.520		159.674			4
2026.06.02	00:07:29.839		159.668			4
2026.06.02	00:07:30.142		159.674			4
2026.06.02	00:08:09.186	159.636				2
2026.06.02	00:08:25.141		159.672			4
2026.06.02	00:08:25.747	159.620	159.674			6
2026.06.02	00:08:26.049		159.675			4
2026.06.02	00:08:29.364		159.670			4
2026.06.02	00:08:30.944	159.611	159.667			6
2026.06.02	00:08:31.547		159.666			4
2026.06.02	00:08:48.687	159.608	159.665			6
2026.06.02	00:08:49.596	159.610				2
2026.06.02	00:08:54.117	159.611	159.666			6
2026.06.02	00:08:55.024	159.612				2
2026.06.02	00:08:56.229	159.610	159.665			6
2026.06.02	00:09:00.138	159.610				2
2026.06.02	00:09:04.952	159.612	159.667			6
2026.06.02	00:09:06.153		159.643			4
2026.06.02	00:09:06.454	159.597	159.636			6
2026.06.02	00:09:08.008	159.609	159.670			6
2026.06.02	00:09:08.610	159.610	159.672			6
2026.06.02	00:09:28.464		159.666			4
2026.06.02	00:09:37.211		159.665			4
2026.06.02	00:09:42.325	159.598	159.644			6
2026.06.02	00:09:43.531	159.599				2
2026.06.02	00:09:44.433	159.600				2
2026.06.02	00:09:45.637	159.609	159.667			6
2026.06.02	00:10:00.098	159.609				2
2026.06.02	00:10:13.050		159.671			4
2026.06.02	00:11:00.253	159.609				2
2026.06.02	00:11:13.167		159.671			4
2026.06.02	00:11:23.674		159.663			4
2026.06.02	00:11:48.315		159.670			4
2026.06.02	00:11:49.514	159.612	159.674			6
2026.06.02	00:11:51.333	159.614				2
2026.06.02	00:11:54.344	159.615				2
2026.06.02	00:11:56.434	159.610	159.669			6
2026.06.02	00:12:00.043	159.610				2
2026.06.02	00:12:27.705		159.668			4
2026.06.02	00:12:49.638		159.669			4
2026.06.02	00:13:00.147	159.610				2
2026.06.02	00:13:49.775		159.669			4
2026.06.02	00:13:58.187		159.668			4
2026.06.02	00:14:00.288	159.610				2
2026.06.02	00:14:58.372		159.668			4
2026.06.02	00:15:00.171	159.610				2
2026.06.02	00:15:09.496		159.664			4
2026.06.02	00:15:21.831		159.665			4
2026.06.02	00:15:43.173		159.664			4
2026.06.02	00:16:00.046	159.610				2
2026.06.02	00:16:03.949		159.672			4
2026.06.02	00:16:06.054	159.609	159.671			6
2026.06.02	00:16:07.856	159.590	159.674			6
2026.06.02	00:16:08.553	159.608	159.670			6
2026.06.02	00:17:00.298	159.608				2
2026.06.02	00:17:08.723		159.670			4
2026.06.02	00:18:00.148	159.608				2
2026.06.02	00:18:01.650	159.598	159.679			6
2026.06.02	00:18:02.551	159.608	159.670			6
2026.06.02	00:19:00.028	159.608				2
2026.06.02	00:19:02.732		159.670			4
2026.06.02	00:20:00.158	159.608				2
2026.06.02	00:20:00.458	159.602	159.679			6
2026.06.02	00:20:07.376	159.593				2
2026.06.02	00:20:10.383	159.603				2
2026.06.02	00:20:11.286	159.593				2
2026.06.02	00:20:57.615	159.597				2
2026.06.02	00:20:57.924	159.603				2
2026.06.02	00:21:00.032	159.603				2
2026.06.02	00:21:00.635		159.679			4
2026.06.02	00:21:45.472	159.622				2
2026.06.02	00:21:45.773	159.603	159.667			6
2026.06.02	00:21:46.673	159.622	159.679			6
2026.06.02	00:21:47.055	159.603	159.667			6
2026.06.02	00:21:47.354	159.622	159.679			6
2026.06.02	00:21:47.719	159.603	159.667			6
2026.06.02	00:21:48.018	159.622	159.679			6
2026.06.02	00:21:48.395	159.603	159.667			6
2026.06.02	00:21:48.695	159.622	159.679			6
2026.06.02	00:21:49.050	159.603	159.667			6
2026.06.02	00:21:49.350		159.679			4
2026.06.02	00:21:57.769	159.601				2
2026.06.02	00:22:00.177	159.601				2
2026.06.02	00:22:27.567	159.586	159.653			6
2026.06.02	00:22:31.187	159.584				2
2026.06.02	00:22:35.094	159.582				2
2026.06.02	00:23:00.055	159.582	159.651			6
2026.06.02	00:23:16.898	159.581				2
2026.06.02	00:24:00.237	159.581	159.651			6
2026.06.02	00:25:00.099	159.581				2
2026.06.02	00:25:00.401		159.651			4
2026.06.02	00:25:23.865	159.593				2
2026.06.02	00:25:25.068	159.585				2
2026.06.02	00:26:00.261	159.585				2
2026.06.02	00:26:00.561		159.651			4
2026.06.02	00:26:00.863	159.595				2
2026.06.02	00:26:07.483	159.593				2
2026.06.02	00:26:10.491	159.585				2
2026.06.02	00:26:30.657	159.591				2
2026.06.02	00:26:36.607	159.596				2
2026.06.02	00:26:39.912	159.587				2
2026.06.02	00:26:40.515	159.589				2
2026.06.02	00:26:53.155	159.587				2
2026.06.02	00:26:55.367	159.596				2
2026.06.02	00:27:00.188	159.596				2
2026.06.02	00:27:00.795		159.651			4
2026.06.02	00:27:01.395	159.594				2
2026.06.02	00:27:03.198	159.593				2
2026.06.02	00:27:10.717	159.590				2
2026.06.02	00:27:34.769	159.592				2
2026.06.02	00:28:00.060	159.592				2
2026.06.02	00:28:00.961		159.651			4
2026.06.02	00:28:02.764	159.589				2
2026.06.02	00:28:03.366	159.588				2
2026.06.02	00:28:30.769	159.602				2
2026.06.02	00:28:40.406	159.588				2
2026.06.02	00:29:00.260	159.588				2
2026.06.02	00:29:01.161		159.651			4
2026.06.02	00:29:23.738	159.594				2
2026.06.02	00:29:27.649	159.592				2
2026.06.02	00:30:00.161	159.592				2
2026.06.02	00:30:01.361		159.651			4
2026.06.02	00:30:50.684	159.600				2
2026.06.02	00:30:52.488	159.598				2
2026.06.02	00:31:00.011	159.592				2
2026.06.02	00:31:01.964		159.651			4
2026.06.02	00:31:02.264	159.599				2
2026.06.02	00:31:11.600	159.604				2
2026.06.02	00:31:14.909		159.655			4
2026.06.02	00:31:17.921	159.603				2
2026.06.02	00:31:27.554	159.604				2
2026.06.02	00:31:29.358	159.605				2
2026.06.02	00:31:49.510	159.603				2
2026.06.02	00:32:00.035	159.603				2
2026.06.02	00:32:01.241	159.602				2
2026.06.02	00:32:09.954		159.656			4
2026.06.02	00:32:30.404	159.593				2
2026.06.02	00:32:30.705	159.594				2
2026.06.02	00:32:40.637	159.607				2
2026.06.02	00:32:50.863	159.605				2
2026.06.02	00:32:55.376	159.604				2
2026.06.02	00:33:00.204	159.604				2
2026.06.02	00:33:00.504	159.598				2
2026.06.02	00:33:05.025		159.654			4
2026.06.02	00:33:10.745	159.607				2
2026.06.02	00:33:20.667	159.606				2
2026.06.02	00:33:35.711	159.605				2
2026.06.02	00:33:37.213	159.603				2
2026.06.02	00:33:50.459	159.598				2
2026.06.02	00:34:00.071	159.598				2
2026.06.02	00:34:00.672	159.608				2
2026.06.02	00:34:05.183		159.654			4
2026.06.02	00:34:05.783	159.606				2
2026.06.02	00:34:40.370	159.600				2
2026.06.02	00:34:50.606	159.597				2
2026.06.02	00:35:00.245	159.597				2
2026.06.02	00:35:05.357		159.654			4
2026.06.02	00:35:13.775	159.606				2
2026.06.02	00:35:20.099	159.599				2
2026.06.02	00:35:20.402	159.598				2
2026.06.02	00:35:20.704	159.607				2
2026.06.02	00:35:27.628	159.600				2
2026.06.02	00:35:50.187		159.656			4
2026.06.02	00:36:00.138	159.600				2
2026.06.02	00:36:43.145	159.595				2
2026.06.02	00:36:43.445	159.594				2
2026.06.02	00:36:44.948		159.652			4
2026.06.02	00:36:48.554	159.593				2
2026.06.02	00:37:00.267	159.593				2
2026.06.02	00:37:03.281	159.603				2
2026.06.02	00:37:04.183	159.598				2
2026.06.02	00:37:04.484	159.596				2
2026.06.02	00:37:05.085	159.594				2
2026.06.02	00:37:05.388	159.593				2
2026.06.02	00:37:20.749	159.602				2
2026.06.02	00:37:28.866	159.599				2
2026.06.02	00:37:30.368	159.591				2
2026.06.02	00:37:32.797	159.592				2
2026.06.02	00:37:45.447	159.591	159.652			6
2026.06.02	00:37:51.332	159.600				2
2026.06.02	00:37:51.632	159.596				2
2026.06.02	00:37:52.233	159.598				2
2026.06.02	00:37:52.532	159.603				2
2026.06.02	00:38:00.049	159.603				2
2026.06.02	00:38:00.950	159.601				2
2026.06.02	00:38:03.054	159.602				2
2026.06.02	00:38:03.354	159.601				2
2026.06.02	00:38:34.948		159.655			4
2026.06.02	00:39:00.200	159.601				2
2026.06.02	00:39:35.120		159.655			4
2026.06.02	00:40:00.061	159.601				2
2026.06.02	00:40:00.661	159.593				2
2026.06.02	00:40:13.591	159.594				2
2026.06.02	00:40:16.597	159.590				2
2026.06.02	00:40:16.925	159.610				2
2026.06.02	00:40:17.225	159.590				2
2026.06.02	00:40:17.525	159.610				2
2026.06.02	00:40:17.826	159.590				2
2026.06.02	00:40:18.126	159.610				2
2026.06.02	00:40:18.468	159.590				2
2026.06.02	00:40:18.768	159.610				2
2026.06.02	00:40:19.067	159.590				2
2026.06.02	00:40:19.401	159.610				2
2026.06.02	00:40:19.702	159.590				2
2026.06.02	00:40:20.005	159.610				2
2026.06.02	00:40:20.306	159.590				2
2026.06.02	00:40:24.914		159.651			4
2026.06.02	00:40:26.947	159.599				2
2026.06.02	00:40:29.051	159.593				2
2026.06.02	00:40:29.653	159.592				2
2026.06.02	00:40:30.253	159.590				2
2026.06.02	00:40:34.058	159.591				2
2026.06.02	00:40:36.575	159.590				2
2026.06.02	00:40:47.479	159.591				2
2026.06.02	00:40:57.882	159.590				2
2026.06.02	00:41:00.299	159.590				2
2026.06.02	00:41:00.931	159.589				2
2026.06.02	00:41:02.658	159.590				2
2026.06.02	00:41:06.335	159.591				2
2026.06.02	00:41:06.636	159.590				2
2026.06.02	00:41:07.972	159.592	159.649			6
2026.06.02	00:41:12.882		159.645			4
2026.06.02	00:41:31.240	159.593	159.649			6
2026.06.02	00:41:35.083	159.592				2
2026.06.02	00:41:56.571	159.595				2
2026.06.02	00:42:00.180	159.595				2
2026.06.02	00:42:00.482	159.592				2
2026.06.02	00:42:02.983		159.650			4
2026.06.02	00:42:15.213	159.591				2
2026.06.02	00:42:16.342	159.587	159.632			6
2026.06.02	00:42:42.817		159.633			4
2026.06.02	00:42:43.717		159.632			4
2026.06.02	00:42:49.382		159.627			4
2026.06.02	00:42:50.650	159.588				2
2026.06.02	00:43:00.033	159.588				2
2026.06.02	00:43:15.411	159.587				2
2026.06.02	00:43:16.092		159.631			4
2026.06.02	00:43:20.279	159.588				2
2026.06.02	00:43:20.580	159.586				2
2026.06.02	00:43:21.396	159.587				2
2026.06.02	00:44:02.510	159.587				2
2026.06.02	00:44:05.698		159.627			4
2026.06.02	00:45:01.763	159.587				2
2026.06.02	00:45:02.687	159.575	159.637			6
2026.06.02	00:45:04.496	159.580	159.642			6
2026.06.02	00:45:05.701	159.588	159.628			6
2026.06.02	00:45:06.002	159.587	159.627			6
2026.06.02	00:45:12.039	159.588				2
2026.06.02	00:45:37.007	159.587				2
2026.06.02	00:45:39.082	159.588				2
2026.06.02	00:46:00.334	159.588				2
2026.06.02	00:46:07.657		159.627			4
2026.06.02	00:46:24.715	159.587				2
2026.06.02	00:46:35.243	159.588				2
2026.06.02	00:46:35.544	159.587				2
2026.06.02	00:46:40.558	159.588				2
2026.06.02	00:46:42.655	159.587				2
2026.06.02	00:47:00.022	159.587				2
2026.06.02	00:47:02.701	159.581	159.643			6
2026.06.02	00:47:04.505	159.582	159.644			6
2026.06.02	00:47:05.405	159.588	159.628			6
2026.06.02	00:47:06.013		159.627			4
2026.06.02	00:47:08.715	159.587				2
2026.06.02	00:47:13.415	159.588				2
2026.06.02	00:47:44.169	159.587				2
2026.06.02	00:47:57.419	159.588				2
2026.06.02	00:47:57.720	159.587				2
2026.06.02	00:48:00.292	159.587				2
2026.06.02	00:48:07.421		159.627			4
2026.06.02	00:48:35.723	159.586				2
2026.06.02	00:48:43.356	159.587				2
2026.06.02	00:48:51.717	159.586				2
2026.06.02	00:48:55.022	159.587				2
2026.06.02	00:49:00.089	159.587				2
2026.06.02	00:49:08.425		159.627			4
2026.06.02	00:50:01.234	159.587				2
2026.06.02	00:50:09.497		159.627			4
2026.06.02	00:51:03.225	159.587				2
2026.06.02	00:51:04.130	159.588				2
2026.06.02	00:51:10.540		159.627			4
2026.06.02	00:52:00.116	159.588				2
2026.06.02	00:52:10.835		159.627			4
2026.06.02	00:53:00.635	159.588				2
2026.06.02	00:53:12.334		159.627			4
2026.06.02	00:53:13.557	159.587				2
2026.06.02	00:53:19.116	159.585	159.622			6
2026.06.02	00:53:43.825	159.588	159.627			6
2026.06.02	00:53:47.747	159.587				2
2026.06.02	00:54:00.540	159.587				2
2026.06.02	00:54:26.027	159.589				2
2026.06.02	00:54:30.440	159.588				2
2026.06.02	00:54:40.134	159.589				2
2026.06.02	00:54:43.856		159.627			4
2026.06.02	00:54:47.445	159.588				2
2026.06.02	00:54:51.894	159.594	159.631			6
2026.06.02	00:54:55.835	159.596	159.632			6
2026.06.02	00:54:57.037	159.578	159.620			6
2026.06.02	00:55:00.185	159.578	159.617			6
2026.06.02	00:55:05.955		159.618			4
2026.06.02	00:55:07.483	159.582				2
2026.06.02	00:55:07.783	159.578				2
2026.06.02	00:55:08.766	159.582				2
2026.06.02	00:55:09.067	159.578				2
2026.06.02	00:55:09.366	159.582				2
2026.06.02	00:55:09.666	159.578				2
2026.06.02	00:55:10.034	159.582				2
2026.06.02	00:55:10.335	159.578				2
2026.06.02	00:55:16.122		159.617			4
2026.06.02	00:55:16.722		159.620			4
2026.06.02	00:55:17.317		159.619			4
2026.06.02	00:55:21.830		159.620			4
2026.06.02	00:56:00.276	159.578				2
2026.06.02	00:56:21.932		159.620			4
2026.06.02	00:56:43.268	159.572	159.621			6
2026.06.02	00:56:43.869	159.578				2
2026.06.02	00:57:00.125	159.578				2
2026.06.02	00:57:06.128		159.612			4
2026.06.02	00:57:49.414		159.621			4
2026.06.02	00:58:00.247	159.578				2
2026.06.02	00:58:02.050		159.611			4
2026.06.02	00:58:16.164	159.585	159.619			6
2026.06.02	00:58:23.677	159.599	159.625			6
2026.06.02	00:58:25.778		159.629			4
2026.06.02	00:58:32.396	159.628	159.695			6
2026.06.02	00:58:32.696	159.641	159.714			6
2026.06.02	00:58:34.204	159.630	159.706			6
2026.06.02	00:58:34.495	159.632				2
2026.06.02	00:58:35.097		159.698			4
2026.06.02	00:58:36.300	159.633				2
2026.06.02	00:58:37.509	159.627	159.699			6
2026.06.02	00:58:39.613	159.625				2
2026.06.02	00:58:40.810	159.615	159.683			6
2026.06.02	00:58:42.919	159.616				2
2026.06.02	00:58:43.512	159.626	159.684			6
2026.06.02	00:58:43.815	159.627				2
2026.06.02	00:58:44.120	159.618				2
2026.06.02	00:58:44.415	159.621				2
2026.06.02	00:58:44.722	159.620				2
2026.06.02	00:58:45.018	159.618				2
2026.06.02	00:58:45.318		159.683			4
2026.06.02	00:58:45.619	159.619	159.684			6
2026.06.02	00:58:45.921	159.630				2
2026.06.02	00:58:46.521	159.631				2
2026.06.02	00:58:46.821	159.630				2
2026.06.02	00:58:47.120	159.622				2
2026.06.02	00:58:47.725	159.617				2
2026.06.02	00:58:48.321	159.629	159.683			6
2026.06.02	00:58:48.620	159.631	159.684			6
2026.06.02	00:58:49.221	159.627				2
2026.06.02	00:58:49.522	159.623				2
2026.06.02	00:58:50.121	159.619				2
2026.06.02	00:58:50.723	159.631				2
2026.06.02	00:58:51.326	159.623				2
2026.06.02	00:58:51.932	159.619				2
2026.06.02	00:58:52.225		159.669			4
2026.06.02	00:58:52.532	159.618				2
2026.06.02	00:58:52.828	159.621				2
2026.06.02	00:58:53.128	159.618				2
2026.06.02	00:58:53.436	159.630				2
2026.06.02	00:58:54.036	159.621				2
2026.06.02	00:58:54.331	159.622				2
2026.06.02	00:58:54.630	159.618				2
2026.06.02	00:58:54.929	159.619				2
2026.06.02	00:58:55.233	159.634				2
2026.06.02	00:58:55.531	159.630				2
2026.06.02	00:58:56.131	159.622				2
2026.06.02	00:58:56.732	159.630				2
2026.06.02	00:58:58.832	159.601	159.662			6
2026.06.02	00:58:59.132	159.602	159.669			6
2026.06.02	00:58:59.734	159.612				2
2026.06.02	00:59:00.033	159.612				2
2026.06.02	00:59:00.333		159.666			4
2026.06.02	00:59:01.234		159.667			4
2026.06.02	00:59:05.151	159.605				2
2026.06.02	00:59:05.444	159.608	159.669			6
2026.06.02	00:59:06.348	159.618				2
2026.06.02	00:59:07.249	159.615				2
2026.06.02	00:59:08.449	159.612				2
2026.06.02	00:59:18.665	159.606				2
2026.06.02	00:59:22.875	159.593				2
2026.06.02	00:59:23.183	159.595				2
2026.06.02	00:59:23.482	159.594				2
2026.06.02	00:59:37.924	159.591				2
2026.06.02	00:59:58.654	159.600				2
2026.06.02	01:00:00.165	159.620	159.675			6
2026.06.02	01:00:00.460	159.626				2
2026.06.02	01:00:00.760	159.647	159.656			6
2026.06.02	01:00:01.362	159.643	159.652			6
2026.06.02	01:00:01.960	159.645	159.651			6
2026.06.02	01:00:02.260	159.642				2
2026.06.02	01:00:02.561	159.641	159.650			6
2026.06.02	01:00:03.461	159.643	159.652			6
2026.06.02	01:00:04.062	159.619	159.692			6
2026.06.02	01:00:04.362		159.689			4
2026.06.02	01:00:04.663		159.696			4
2026.06.02	01:00:05.263		159.692			4
2026.06.02	01:00:05.863		159.690			4
2026.06.02	01:00:06.164	159.649	159.658			6
2026.06.02	01:00:07.673	159.648	159.657			6
2026.06.02	01:00:07.972	159.636	159.692			6
2026.06.02	01:00:09.167	159.646	159.655			6
2026.06.02	01:00:10.068	159.645	159.654			6
2026.06.02	01:00:11.269	159.642	159.651			6
2026.06.02	01:00:13.976	159.643	159.652			6
2026.06.02	01:00:15.184	159.642	159.651			6
2026.06.02	01:00:15.777	159.646	159.655			6
2026.06.02	01:00:16.076	159.645	159.654			6
2026.06.02	01:00:16.376	159.646	159.655			6
2026.06.02	01:00:16.678	159.643	159.652			6
2026.06.02	01:00:17.878	159.642	159.651			6
2026.06.02	01:00:19.385	159.641	159.650			6
2026.06.02	01:00:20.881	159.643	159.652			6
2026.06.02	01:00:22.389	159.640	159.649			6
2026.06.02	01:00:25.388	159.645	159.654			6
2026.06.02	01:00:25.686	159.644	159.653			6
2026.06.02	01:00:26.587	159.645	159.654			6
2026.06.02	01:00:27.188	159.644	159.653			6
2026.06.02	01:00:27.787	159.646	159.655			6
2026.06.02	01:00:28.087	159.648	159.657			6
2026.06.02	01:00:28.693	159.655	159.664			6
2026.06.02	01:00:28.988	159.657	159.666			6
2026.06.02	01:00:29.587	159.655	159.664			6
2026.06.02	01:00:29.888	159.658	159.667			6
2026.06.02	01:00:30.188	159.659	159.668			6
2026.06.02	01:00:30.488	159.660	159.669			6
2026.06.02	01:00:30.788	159.656	159.665			6
2026.06.02	01:00:31.088	159.661	159.670			6
2026.06.02	01:00:31.388	159.659	159.668			6
2026.06.02	01:00:31.688	159.658	159.667			6
2026.06.02	01:00:31.989	159.667	159.676			6
2026.06.02	01:00:32.290	159.661	159.670			6
2026.06.02	01:00:32.590	159.660	159.669			6
2026.06.02	01:00:33.190	159.659	159.668			6
2026.06.02	01:00:33.490	159.658	159.667			6
2026.06.02	01:00:34.091	159.661	159.670			6
2026.06.02	01:00:34.391	159.662	159.671			6
2026.06.02	01:00:34.991	159.658	159.667			6
2026.06.02	01:00:35.291	159.656	159.665			6
2026.06.02	01:00:35.592	159.659	159.668			6
2026.06.02	01:00:36.193	159.655	159.664			6
2026.06.02	01:00:36.494	159.648	159.657			6
2026.06.02	01:00:36.794	159.650	159.659			6
2026.06.02	01:00:37.397	159.649	159.658			6
2026.06.02	01:00:37.695	159.651	159.660			6
2026.06.02	01:00:37.997	159.649	159.658			6
2026.06.02	01:00:38.297	159.645	159.654			6
2026.06.02	01:00:38.597	159.646	159.655			6
2026.06.02	01:00:38.899	159.650	159.659			6
2026.06.02	01:00:39.199	159.648	159.657			6
2026.06.02	01:00:39.499	159.650	159.659			6
2026.06.02	01:00:39.799	159.648	159.657			6
2026.06.02	01:00:40.099	159.646	159.655			6
2026.06.02	01:00:40.400	159.651	159.660			6
2026.06.02	01:00:40.707	159.650	159.659			6
2026.06.02	01:00:41.000	159.646	159.655			6
2026.06.02	01:00:41.302	159.648	159.657			6
2026.06.02	01:00:41.602	159.647	159.656			6
2026.06.02	01:00:41.903	159.643	159.652			6
2026.06.02	01:00:42.204	159.647	159.656			6
2026.06.02	01:00:42.504	159.645	159.654			6
2026.06.02	01:00:42.803	159.644	159.653			6
2026.06.02	01:00:43.103	159.643	159.652			6
2026.06.02	01:00:43.404	159.646	159.655			6
2026.06.02	01:00:43.704	159.645	159.654			6
2026.06.02	01:00:44.905	159.648	159.657			6
2026.06.02	01:00:45.505	159.646	159.655			6
2026.06.02	01:00:46.706	159.647	159.656			6
2026.06.02	01:00:47.614	159.646	159.655			6
2026.06.02	01:00:47.908	159.644	159.653			6
2026.06.02	01:00:49.716	159.645	159.654			6
2026.06.02	01:00:50.918	159.646	159.655			6
2026.06.02	01:00:53.015	159.639	159.648			6
2026.06.02	01:00:53.616	159.637	159.646			6
2026.06.02	01:00:54.218	159.639	159.648			6
2026.06.02	01:01:00.222	159.635	159.644			6
2026.06.02	01:01:00.523	159.637	159.646			6
2026.06.02	01:01:01.124	159.636	159.645			6
2026.06.02	01:01:01.423	159.633	159.642			6
2026.06.02	01:01:02.024	159.634	159.640			6
2026.06.02	01:01:02.324		159.643			4
2026.06.02	01:01:02.924	159.625	159.634			6
2026.06.02	01:01:04.427	159.623	159.632			6
2026.06.02	01:01:05.026	159.622	159.631			6
2026.06.02	01:01:05.333	159.621	159.630			6
2026.06.02	01:01:05.633		159.628			4
2026.06.02	01:01:07.135		159.625			4
2026.06.02	01:01:07.433		159.624			4
2026.06.02	01:01:10.439	159.628	159.637			6
2026.06.02	01:01:10.734	159.629	159.638			6
2026.06.02	01:01:11.035	159.628	159.637			6
2026.06.02	01:01:13.139	159.627	159.636			6
2026.06.02	01:01:20.053	159.630	159.639			6
2026.06.02	01:01:20.348	159.628	159.637			6
2026.06.02	01:01:21.548	159.627	159.636			6
2026.06.02	01:01:22.457	159.631	159.640			6
2026.06.02	01:01:22.751	159.628	159.637			6
2026.06.02	01:01:24.556	159.627	159.636			6
2026.06.02	01:01:25.458	159.628	159.637			6
2026.06.02	01:01:25.757	159.631	159.640			6
2026.06.02	01:01:27.559	159.632	159.641			6
2026.06.02	01:01:36.878	159.631	159.640			6
2026.06.02	01:01:44.684	159.629	159.638			6
2026.06.02	01:01:52.205	159.631	159.640			6
2026.06.02	01:01:52.504	159.633	159.642			6
2026.06.02	01:01:53.104	159.631	159.640			6
2026.06.02	01:01:53.707		159.639			4
2026.06.02	01:01:54.910	159.633	159.640			6
2026.06.02	01:01:55.209		159.641			4
2026.06.02	01:01:56.413		159.640			4
2026.06.02	01:01:57.612	159.632	159.641			6
2026.06.02	01:01:58.820	159.631	159.640			6
2026.06.02	01:02:00.016	159.631				2
2026.06.02	01:02:00.919		159.639			4
2026.06.02	01:02:01.519	159.632	159.641			6
2026.06.02	01:02:01.819	159.631	159.640			6
2026.06.02	01:02:03.322	159.632	159.641			6
2026.06.02	01:02:03.622	159.635	159.643			6
2026.06.02	01:02:03.922		159.644			4
2026.06.02	01:02:05.728	159.634	159.643			6
2026.06.02	01:02:06.630	159.633	159.642			6
2026.06.02	01:02:12.343	159.634				2
2026.06.02	01:02:24.659	159.645	159.650			6
2026.06.02	01:02:24.959	159.647	159.652			6
2026.06.02	01:02:25.260	159.648				2
2026.06.02	01:02:25.561	159.650	159.653			6
2026.06.02	01:02:26.461	159.647	159.648			6
2026.06.02	01:02:26.761	159.646	159.647			6
2026.06.02	01:02:29.467	159.645	159.646			6
2026.06.02	01:02:30.067	159.641				2
2026.06.02	01:02:32.171	159.642				2
2026.06.02	01:02:36.977	159.641				2
2026.06.02	01:02:46.592	159.643				2
2026.06.02	01:02:49.301	159.642				2
2026.06.02	01:02:49.601	159.643				2
2026.06.02	01:02:56.807		159.645			4
2026.06.02	01:02:58.918	159.644	159.646			6
2026.06.02	01:03:00.123	159.644				2
2026.06.02	01:03:01.621	159.643				2
2026.06.02	01:03:02.525	159.642				2
2026.06.02	01:03:05.535		159.647			4
2026.06.02	01:03:06.733	159.643				2
2026.06.02	01:03:13.642		159.646			4
2026.06.02	01:03:25.962	159.644				2
2026.06.02	01:03:39.778	159.643				2
2026.06.02	01:03:42.182	159.642				2
2026.06.02	01:03:55.406	159.641				2
2026.06.02	01:03:56.607	159.643	159.647			6
2026.06.02	01:03:58.111	159.642	159.646			6
2026.06.02	01:04:00.212	159.642				2
2026.06.02	01:04:02.012		159.647			4
2026.06.02	01:04:06.820	159.641	159.646			6
2026.06.02	01:04:08.323	159.642	159.647			6
2026.06.02	01:04:10.125	159.643	159.648			6
2026.06.02	01:04:29.365	159.644				2
2026.06.02	01:04:32.063	159.643	159.647			6
2026.06.02	01:04:37.773	159.644	159.648			6
2026.06.02	01:04:54.309	159.643	159.647			6
2026.06.02	01:04:54.603	159.642	159.646			6
2026.06.02	01:05:00.011	159.642				2
2026.06.02	01:05:00.311	159.641	159.645			6
2026.06.02	01:05:05.123	159.642				2
2026.06.02	01:05:07.218	159.643	159.646			6
2026.06.02	01:05:30.656	159.642	159.645			6
2026.06.02	01:05:35.760	159.641	159.644			6
2026.06.02	01:05:36.661	159.642	159.645			6
2026.06.02	01:05:38.164	159.643				2
2026.06.02	01:05:38.470	159.644	159.646			6
2026.06.02	01:05:38.764	159.643	159.645			6
2026.06.02	01:05:45.974	159.644	159.646			6
2026.06.02	01:05:46.575	159.643	159.645			6
2026.06.02	01:05:47.177	159.644	159.646			6
2026.06.02	01:05:49.578	159.643	159.645			6
2026.06.02	01:05:51.680	159.641	159.643			6
2026.06.02	01:05:53.482	159.642	159.644			6
2026.06.02	01:05:57.689	159.643	159.645			6
2026.06.02	01:05:58.290	159.642	159.644			6
2026.06.02	01:05:59.792	159.641	159.643			6
2026.06.02	01:06:00.094	159.641				2
2026.06.02	01:06:00.694	159.642	159.644			6
2026.06.02	01:06:11.212	159.643				2
2026.06.02	01:06:54.191	159.642	159.643			6
2026.06.02	01:07:00.202	159.642				2
2026.06.02	01:07:00.502	159.641	159.642			6
2026.06.02	01:07:00.802	159.640	159.641			6
2026.06.02	01:07:01.706	159.642	159.643			6
2026.06.02	01:07:04.111	159.668	159.669			6
2026.06.02	01:07:04.411	159.670	159.671			6
2026.06.02	01:07:04.711	159.669	159.670			6
2026.06.02	01:07:05.312	159.657	159.660			6
2026.06.02	01:07:05.612	159.655	159.659			6
2026.06.02	01:07:06.513	159.654				2
2026.06.02	01:07:08.321	159.653	159.658			6
2026.06.02	01:07:10.122	159.654				2
2026.06.02	01:07:44.375	159.655				2
2026.06.02	01:07:53.397	159.654	159.657			6
2026.06.02	01:08:00.003	159.654				2
2026.06.02	01:08:01.201	159.655	159.658			6
2026.06.02	01:08:16.227		159.657			4
2026.06.02	01:08:33.053	159.656	159.658			6
2026.06.02	01:08:34.553	159.655	159.657			6
2026.06.02	01:08:48.373		159.656			4
2026.06.02	01:08:48.674	159.656	159.657			6
2026.06.02	01:08:54.380	159.655	159.656			6
2026.06.02	01:08:54.682	159.656	159.657			6
2026.06.02	01:09:00.101	159.656				2
2026.06.02	01:09:06.108	159.655	159.656			6
2026.06.02	01:09:18.731	159.656	159.657			6
2026.06.02	01:09:28.947	159.663	159.664			6
2026.06.02	01:09:29.247	159.669	159.670			6
2026.06.02	01:09:52.077	159.668	159.669			6
2026.06.02	01:09:56.884	159.657	159.658			6
2026.06.02	01:09:57.184	159.656	159.657			6
2026.06.02	01:10:00.203	159.656				2
2026.06.02	01:10:11.917	159.654	159.655			6
2026.06.02	01:10:24.249	159.655	159.656			6
2026.06.02	01:10:29.061	159.653	159.654			6
2026.06.02	01:10:32.671	159.654	159.655			6
2026.06.02	01:10:41.085	159.653	159.654			6
2026.06.02	01:10:41.991	159.654	159.655			6
2026.06.02	01:10:42.891	159.653	159.654			6
2026.06.02	01:10:44.093	159.654	159.655			6
2026.06.02	01:10:50.704	159.653	159.654			6
2026.06.02	01:10:51.005	159.654	159.655			6
2026.06.02	01:10:58.823	159.653	159.654			6
2026.06.02	01:10:59.730	159.654	159.655			6
2026.06.02	01:11:00.025	159.654				2
2026.06.02	01:11:23.766	159.652	159.653			6
2026.06.02	01:11:25.867	159.653	159.654			6
2026.06.02	01:11:40.886	159.654	159.655			6
2026.06.02	01:11:41.787	159.653	159.654			6
2026.06.02	01:11:52.315	159.652	159.653			6
2026.06.02	01:11:53.216	159.653	159.654			6
2026.06.02	01:11:58.932	159.652	159.653			6
2026.06.02	01:12:00.133	159.652				2
2026.06.02	01:12:00.434	159.653	159.654			6
2026.06.02	01:12:26.284	159.652	159.653			6
2026.06.02	01:12:39.824	159.651	159.652			6
2026.06.02	01:12:40.119	159.650	159.651			6
2026.06.02	01:12:40.718	159.651	159.652			6
2026.06.02	01:12:46.140	159.652	159.653			6
2026.06.02	01:13:00.261	159.652				2
2026.06.02	01:13:12.878	159.646	159.647			6
2026.06.02	01:13:13.177	159.651	159.652			6
2026.06.02	01:13:13.478	159.652	159.653			6
2026.06.02	01:13:13.779	159.653	159.654			6
2026.06.02	01:13:17.685	159.654	159.655			6
2026.06.02	01:13:17.986	159.653	159.654			6
2026.06.02	01:13:21.898	159.645	159.646			6
2026.06.02	01:13:22.493	159.644	159.645			6
2026.06.02	01:13:22.792	159.643	159.644			6
2026.06.02	01:13:27.002	159.642	159.643			6
2026.06.02	01:13:48.653	159.643	159.644			6
2026.06.02	01:13:53.464	159.644	159.645			6
2026.06.02	01:14:00.075	159.644				2
2026.06.02	01:14:00.975	159.643	159.644			6
2026.06.02	01:14:06.083	159.642	159.643			6
2026.06.02	01:14:07.587	159.644	159.645			6
2026.06.02	01:14:07.886	159.643	159.644			6
2026.06.02	01:14:47.291	159.642	159.643			6
2026.06.02	01:14:48.197	159.641	159.642			6
2026.06.02	01:14:53.905	159.642	159.643			6
2026.06.02	01:15:00.237	159.642				2
2026.06.02	01:15:00.533	159.641	159.642			6
2026.06.02	01:15:10.450	159.642	159.643			6
2026.06.02	01:15:12.253	159.641	159.642			6
2026.06.02	01:15:12.853	159.642	159.643			6
2026.06.02	01:15:13.153	159.641	159.642			6
2026.06.02	01:15:13.461	159.642	159.643			6
2026.06.02	01:15:13.761	159.641	159.642			6
2026.06.02	01:15:14.361	159.642	159.643			6
2026.06.02	01:15:14.655	159.641	159.642			6
2026.06.02	01:15:14.957	159.642	159.643			6
2026.06.02	01:15:15.265	159.641	159.642			6
2026.06.02	01:15:15.558	159.642	159.643			6
2026.06.02	01:15:53.151	159.643	159.644			6
2026.06.02	01:15:53.444	159.642	159.643			6
2026.06.02	01:15:55.855	159.643	159.644			6
2026.06.02	01:15:58.550	159.642	159.643			6
2026.06.02	01:16:00.053	159.642				2
2026.06.02	01:16:00.962	159.643	159.644			6
2026.06.02	01:16:03.656	159.645	159.646			6
2026.06.02	01:16:36.726	159.644	159.645			6
2026.06.02	01:16:37.027	159.643	159.644			6
2026.06.02	01:16:43.639	159.642	159.643			6
2026.06.02	01:16:51.754	159.643	159.644			6
2026.06.02	01:16:52.355	159.641	159.642			6
2026.06.02	01:16:54.159	159.642	159.643			6
2026.06.02	01:16:55.961	159.641	159.642			6
2026.06.02	01:16:56.260	159.642	159.643			6
2026.06.02	01:17:00.163	159.642				2
2026.06.02	01:17:03.468	159.643	159.644			6
2026.06.02	01:17:11.584	159.642	159.643			6
2026.06.02	01:17:13.687	159.643	159.644			6
2026.06.02	01:17:16.093	159.641	159.642			6
2026.06.02	01:17:24.506	159.642	159.643			6
2026.06.02	01:17:28.720	159.643	159.644			6
2026.06.02	01:17:31.725	159.641	159.642			6
2026.06.02	01:17:32.025	159.642	159.643			6
2026.06.02	01:17:47.960	159.641	159.642			6
2026.06.02	01:17:56.067	159.642	159.643			6
2026.06.02	01:18:00.280	159.642				2
2026.06.02	01:18:12.598	159.643	159.644			6
2026.06.02	01:18:19.209	159.642	159.643			6
2026.06.02	01:18:21.011	159.643	159.644			6
2026.06.02	01:18:32.132	159.644	159.645			6
2026.06.02	01:18:36.638	159.643	159.644			6
2026.06.02	01:18:53.461	159.642	159.643			6
2026.06.02	01:19:00.072	159.642				2
2026.06.02	01:19:03.381	159.643	159.644			6
2026.06.02	01:19:03.977	159.642	159.643			6
2026.06.02	01:19:04.278	159.643	159.644			6
2026.06.02	01:19:14.193	159.642	159.643			6
2026.06.02	01:19:24.720	159.643	159.644			6
2026.06.02	01:19:28.027	159.642	159.643			6
2026.06.02	01:19:46.059	159.643	159.644			6
2026.06.02	01:19:54.769	159.641	159.642			6
2026.06.02	01:20:00.178	159.641				2
2026.06.02	01:20:04.092	159.642	159.643			6
2026.06.02	01:20:25.140	159.641	159.642			6
2026.06.02	01:20:25.742	159.642	159.643			6
2026.06.02	01:20:35.362	159.641	159.642			6
2026.06.02	01:20:44.078	159.634	159.635			6
2026.06.02	01:20:44.378	159.633	159.634			6
2026.06.02	01:20:44.686	159.632	159.633			6
2026.06.02	01:20:45.580	159.633	159.634			6
2026.06.02	01:20:45.881	159.632	159.633			6
2026.06.02	01:21:00.016	159.632				2
2026.06.02	01:21:08.129	159.631	159.632			6
2026.06.02	01:21:11.740	159.632	159.633			6
2026.06.02	01:21:17.745	159.631	159.632			6
2026.06.02	01:21:18.045	159.632	159.633			6
2026.06.02	01:21:18.348	159.631	159.632			6
2026.06.02	01:21:28.862	159.632	159.633			6
2026.06.02	01:21:33.366	159.631	159.632			6
2026.06.02	01:21:39.078	159.630	159.631			6
2026.06.02	01:21:48.992	159.632	159.633			6
2026.06.02	01:21:55.908	159.633	159.634			6
2026.06.02	01:22:00.112	159.633				2
2026.06.02	01:22:08.540	159.632	159.633			6
2026.06.02	01:22:08.832	159.633	159.634			6
2026.06.02	01:22:12.442	159.632	159.633			6
2026.06.02	01:22:12.740	159.634	159.635			6
2026.06.02	01:22:13.040	159.633	159.634			6
2026.06.02	01:22:15.442	159.632	159.633			6
2026.06.02	01:22:20.250	159.634	159.635			6
2026.06.02	01:22:30.164	159.633	159.634			6
2026.06.02	01:22:44.583	159.630	159.631			6
2026.06.02	01:22:47.286	159.631	159.632			6
2026.06.02	01:22:57.508	159.632	159.633			6
2026.06.02	01:23:00.213	159.632				2
2026.06.02	01:23:14.347	159.633	159.634			6
2026.06.02	01:23:15.248	159.632	159.633			6
2026.06.02	01:23:32.982	159.630	159.631			6
2026.06.02	01:23:44.389	159.632	159.633			6
2026.06.02	01:23:58.222	159.633	159.634			6
2026.06.02	01:24:00.029	159.632	159.633			6
2026.06.02	01:24:01.234	159.631	159.632			6
2026.06.02	01:24:24.670	159.632	159.633			6
2026.06.02	01:25:00.149	159.632				2
2026.06.02	01:25:10.371	159.643	159.644			6
2026.06.02	01:25:10.666	159.642	159.643			6
2026.06.02	01:26:00.253	159.642				2
2026.06.02	01:26:07.767	159.641	159.642			6
2026.06.02	01:26:13.770	159.642	159.643			6
2026.06.02	01:26:23.395	159.644	159.645			6
2026.06.02	01:26:25.796	159.643	159.644			6
2026.06.02	01:26:30.617	159.644	159.645			6
2026.06.02	01:26:34.823	159.643	159.644			6
2026.06.02	01:26:49.552	159.642	159.643			6
2026.06.02	01:26:59.468	159.643	159.644			6
2026.06.02	01:27:00.063	159.643				2
2026.06.02	01:27:07.880	159.642	159.643			6
2026.06.02	01:27:46.370	159.643	159.644			6
2026.06.02	01:27:51.768	159.644	159.645			6
2026.06.02	01:27:53.271	159.645	159.646			6
2026.06.02	01:28:00.184	159.645				2
2026.06.02	01:28:01.388	159.643	159.644			6
2026.06.02	01:28:04.999	159.644	159.645			6
2026.06.02	01:28:06.507	159.645	159.646			6
2026.06.02	01:28:15.521	159.644	159.645			6
2026.06.02	01:28:15.823	159.645	159.646			6
2026.06.02	01:28:17.332	159.646	159.647			6
2026.06.02	01:28:22.140	159.645	159.646			6
2026.06.02	01:28:26.340	159.644	159.645			6
2026.06.02	01:28:26.941	159.645	159.646			6
2026.06.02	01:28:28.744	159.653	159.654			6
2026.06.02	01:28:29.049	159.655	159.656			6
2026.06.02	01:28:33.551	159.653	159.654			6
2026.06.02	01:28:38.360	159.654	159.655			6
2026.06.02	01:28:40.461	159.653	159.654			6
2026.06.02	01:28:42.570	159.652	159.653			6
2026.06.02	01:28:42.863	159.651	159.652			6
2026.06.02	01:28:47.376	159.649	159.650			6
2026.06.02	01:28:47.669	159.648	159.649			6
2026.06.02	01:28:47.969	159.654	159.655			6
2026.06.02	01:28:48.269	159.656	159.657			6
2026.06.02	01:28:52.778	159.657	159.658			6
2026.06.02	01:28:57.897	159.658	159.659			6
2026.06.02	01:29:00.299	159.658				2
2026.06.02	01:29:03.005	159.656	159.657			6
2026.06.02	01:29:08.118	159.658	159.659			6
2026.06.02	01:29:24.942	159.657	159.658			6
2026.06.02	01:29:27.049	159.658	159.659			6
2026.06.02	01:29:28.852	159.657	159.658			6
2026.06.02	01:29:30.647	159.659	159.660			6
2026.06.02	01:29:31.547	159.658	159.659			6
2026.06.02	01:29:40.264	159.657	159.658			6
2026.06.02	01:29:40.558	159.659	159.660			6
2026.06.02	01:29:50.483	159.657	159.658			6
2026.06.02	01:30:00.108	159.657				2
2026.06.02	01:30:00.408	159.658	159.659			6
2026.06.02	01:30:00.716	159.657	159.658			6
2026.06.02	01:30:05.212	159.656	159.657			6
2026.06.02	01:30:16.647	159.655	159.656			6
2026.06.02	01:30:20.245	159.658	159.659			6
2026.06.02	01:30:20.546	159.660	159.661			6
2026.06.02	01:30:21.147	159.658	159.659			6
2026.06.02	01:30:25.653	159.657	159.658			6
2026.06.02	01:30:25.955	159.658	159.659			6
2026.06.02	01:30:26.856	159.657	159.658			6
2026.06.02	01:30:27.761	159.658	159.659			6
2026.06.02	01:30:28.659	159.657	159.658			6
2026.06.02	01:30:28.963	159.658	159.659			6
2026.06.02	01:30:31.062	159.656	159.657			6
2026.06.02	01:30:31.364	159.657	159.658			6
2026.06.02	01:30:31.669	159.656	159.657			6
2026.06.02	01:30:32.568	159.658	159.659			6
2026.06.02	01:30:33.761	159.657	159.658			6
2026.06.02	01:30:34.362	159.656	159.657			6
2026.06.02	01:30:36.167	159.657	159.658			6
2026.06.02	01:30:37.668	159.658	159.659			6
2026.06.02	01:30:54.804	159.659	159.660			6
2026.06.02	01:30:59.909	159.657	159.658			6
2026.06.02	01:31:00.211	159.656	159.657			6
2026.06.02	01:31:00.815	159.658	159.659			6
2026.06.02	01:31:01.110	159.657	159.658			6
2026.06.02	01:31:02.912	159.658	159.659			6
2026.06.02	01:31:03.215	159.657	159.658			6
2026.06.02	01:31:04.116	159.658	159.659			6
2026.06.02	01:31:04.716	159.657	159.658			6
2026.06.02	01:31:05.317	159.656	159.657			6
2026.06.02	01:31:05.617	159.657	159.658			6
2026.06.02	01:31:06.818	159.658	159.659			6
2026.06.02	01:31:07.425	159.657	159.658			6
2026.06.02	01:31:08.027	159.659	159.660			6
2026.06.02	01:31:23.052	159.658	159.659			6
2026.06.02	01:31:23.646	159.659	159.660			6
2026.06.02	01:31:23.946	159.657	159.658			6
2026.06.02	01:31:24.248	159.658	159.659			6
2026.06.02	01:31:24.548	159.657	159.658			6
2026.06.02	01:31:24.849	159.658	159.659			6
2026.06.02	01:31:25.156	159.657	159.658			6
2026.06.02	01:31:25.451	159.658	159.659			6
2026.06.02	01:31:25.750	159.659	159.660			6
2026.06.02	01:31:26.053	159.656	159.657			6
2026.06.02	01:31:26.359	159.658	159.659			6
2026.06.02	01:31:26.653	159.657	159.658			6
2026.06.02	01:31:26.960	159.658	159.659			6
2026.06.02	01:31:27.555	159.657	159.658			6
2026.06.02	01:31:27.856	159.659	159.660			6
2026.06.02	01:31:28.155	159.657	159.658			6
2026.06.02	01:31:29.055	159.658	159.659			6
2026.06.02	01:31:29.356	159.657	159.658			6
2026.06.02	01:31:29.658	159.658	159.659			6
2026.06.02	01:31:30.258	159.657	159.658			6
2026.06.02	01:31:32.059	159.658	159.659			6
2026.06.02	01:31:32.660	159.657	159.658			6
2026.06.02	01:31:32.959	159.658	159.659			6
2026.06.02	01:31:34.163	159.657	159.658			6
2026.06.02	01:31:34.762	159.656	159.657			6
2026.06.02	01:31:35.062	159.657	159.658			6
2026.06.02	01:31:35.362	159.659	159.660			6
2026.06.02	01:31:36.575	159.657	159.658			6
2026.06.02	01:31:36.864	159.658	159.659			6
2026.06.02	01:31:37.164	159.657	159.658			6
2026.06.02	01:31:37.465	159.656	159.657			6
2026.06.02	01:31:37.765	159.657	159.658			6
2026.06.02	01:31:38.370	159.656	159.657			6
2026.06.02	01:31:41.678	159.657	159.658			6
2026.06.02	01:31:48.593	159.658	159.659			6
2026.06.02	01:31:48.893	159.657	159.658			6
2026.06.02	01:31:49.196	159.656	159.657			6
2026.06.02	01:32:00.020	159.656				2
2026.06.02	01:32:02.724	159.655	159.656			6
2026.06.02	01:32:03.032	159.656	159.657			6
2026.06.02	01:32:10.538	159.655	159.656			6
2026.06.02	01:32:12.339	159.654	159.655			6
2026.06.02	01:32:12.639	159.655	159.656			6
2026.06.02	01:32:25.560	159.654	159.655			6
2026.06.02	01:32:26.163	159.656	159.657			6
2026.06.02	01:32:26.460	159.658	159.659			6
2026.06.02	01:32:26.761	159.656	159.657			6
2026.06.02	01:32:27.362	159.657	159.658			6
2026.06.02	01:32:27.662	159.656	159.657			6
2026.06.02	01:32:27.963	159.655	159.656			6
2026.06.02	01:32:28.263	159.654	159.655			6
2026.06.02	01:32:28.562	159.653	159.654			6
2026.06.02	01:32:43.304	159.648	159.649			6
2026.06.02	01:32:44.512	159.646	159.647			6
2026.06.02	01:32:46.007	159.645	159.646			6
2026.06.02	01:32:46.315	159.646	159.647			6
2026.06.02	01:32:52.322	159.648	159.649			6
2026.06.02	01:32:52.627	159.646	159.647			6
2026.06.02	01:32:54.424	159.645	159.646			6
2026.06.02	01:33:00.144	159.645				2
2026.06.02	01:33:17.269	159.648	159.649			6
2026.06.02	01:33:17.570	159.646	159.647			6
2026.06.02	01:33:28.105	159.656	159.657			6
2026.06.02	01:33:28.700	159.655	159.656			6
2026.06.02	01:33:29.300	159.657	159.658			6
2026.06.02	01:33:29.600	159.658	159.659			6
2026.06.02	01:33:29.901	159.657	159.658			6
2026.06.02	01:33:32.911	159.658	159.659			6
2026.06.02	01:33:46.449	159.659	159.660			6
2026.06.02	01:33:53.064	159.658	159.659			6
2026.06.02	01:34:00.264	159.658				2
2026.06.02	01:34:36.954	159.655	159.656			6
2026.06.02	01:34:37.260	159.647	159.648			6
2026.06.02	01:34:37.562	159.648	159.649			6
2026.06.02	01:34:41.158	159.646	159.647			6
2026.06.02	01:34:41.459	159.648	159.649			6
2026.06.02	01:34:44.461	159.647	159.648			6
2026.06.02	01:34:44.766	159.648	159.649			6
2026.06.02	01:34:57.678	159.654	159.655			6
2026.06.02	01:35:00.078	159.654				2
2026.06.02	01:35:01.281	159.655	159.656			6
2026.06.02	01:35:02.181	159.653	159.654			6
2026.06.02	01:35:11.212	159.654	159.655			6
2026.06.02	01:35:11.513	159.653	159.654			6
2026.06.02	01:35:19.620	159.655	159.656			6
2026.06.02	01:35:20.522	159.654	159.655			6
2026.06.02	01:35:26.246	159.653	159.654			6
2026.06.02	01:35:26.546	159.652	159.653			6
2026.06.02	01:35:28.346	159.653	159.654			6
2026.06.02	01:35:28.951	159.652	159.653			6
2026.06.02	01:35:32.857	159.654	159.655			6
2026.06.02	01:35:33.154	159.652	159.653			6
2026.06.02	01:35:33.762	159.653	159.654			6
2026.06.02	01:35:41.563	159.656	159.657			6
2026.06.02	01:35:42.169	159.657	159.658			6
2026.06.02	01:35:42.462	159.656	159.657			6
2026.06.02	01:35:42.763	159.658	159.659			6
2026.06.02	01:35:43.069	159.657	159.658			6
2026.06.02	01:35:44.870	159.658	159.659			6
2026.06.02	01:35:52.079	159.656	159.657			6
2026.06.02	01:35:52.379	159.657	159.658			6
2026.06.02	01:35:54.182	159.656	159.657			6
2026.06.02	01:35:54.482	159.657	159.658			6
2026.06.02	01:35:59.298	159.658	159.659			6
2026.06.02	01:35:59.599	159.657	159.658			6
2026.06.02	01:36:00.198	159.657				2
2026.06.02	01:36:01.098	159.658	159.659			6
2026.06.02	01:36:02.297	159.659	159.660			6
2026.06.02	01:36:02.597	159.658	159.659			6
2026.06.02	01:36:03.199	159.659	159.660			6
2026.06.02	01:36:03.498	159.658	159.659			6
2026.06.02	01:36:08.620	159.659	159.660			6
2026.06.02	01:36:12.826	159.657	159.658			6
2026.06.02	01:36:13.425	159.658	159.659			6
2026.06.02	01:36:16.138	159.657	159.658			6
2026.06.02	01:36:18.235	159.658	159.659			6
2026.06.02	01:36:43.776	159.657	159.658			6
2026.06.02	01:36:56.708	159.658	159.659			6
2026.06.02	01:37:00.012	159.658				2
2026.06.02	01:37:00.612	159.657	159.658			6
2026.06.02	01:37:02.412	159.656	159.657			6
2026.06.02	01:37:04.516	159.658	159.659			6
2026.06.02	01:37:04.818	159.659	159.660			6
2026.06.02	01:37:07.822	159.656	159.657			6
2026.06.02	01:37:08.122	159.655	159.656			6
2026.06.02	01:37:08.423	159.657	159.658			6
2026.06.02	01:37:08.734	159.659	159.660			6
2026.06.02	01:37:12.629	159.658	159.659			6
2026.06.02	01:37:12.928	159.657	159.658			6
2026.06.02	01:37:13.228	159.658	159.659			6
2026.06.02	01:37:14.431	159.657	159.658			6
2026.06.02	01:37:15.633	159.658	159.659			6
2026.06.02	01:37:15.933	159.657	159.658			6
2026.06.02	01:37:16.234	159.658	159.659			6
2026.06.02	01:37:18.037	159.657	159.658			6
2026.06.02	01:37:20.450	159.655	159.656			6
2026.06.02	01:37:20.749	159.657	159.658			6
2026.06.02	01:37:21.643	159.655	159.656			6
2026.06.02	01:37:21.942	159.657	159.658			6
2026.06.02	01:37:22.243	159.656	159.657			6
2026.06.02	01:37:22.552	159.655	159.656			6
2026.06.02	01:37:23.144	159.657	159.658			6
2026.06.02	01:37:23.444	159.656	159.657			6
2026.06.02	01:37:24.947	159.657	159.658			6
2026.06.02	01:37:25.849	159.658	159.659			6
2026.06.02	01:37:26.448	159.657	159.658			6
2026.06.02	01:37:26.749	159.658	159.659			6
2026.06.02	01:37:31.554	159.656	159.657			6
2026.06.02	01:37:31.855	159.658	159.659			6
2026.06.02	01:37:38.166	159.657	159.658			6
2026.06.02	01:37:39.970	159.654	159.655			6
2026.06.02	01:37:40.570	159.653	159.654			6
2026.06.02	01:37:43.283	159.654	159.655			6
2026.06.02	01:37:45.680	159.655	159.656			6
2026.06.02	01:37:46.891	159.656	159.657			6
2026.06.02	01:37:49.284	159.655	159.656			6
2026.06.02	01:37:50.486	159.657	159.658			6
2026.06.02	01:37:53.493	159.659	159.660			6
2026.06.02	01:37:54.093	159.658	159.659			6
2026.06.02	01:38:00.111	159.658				2
2026.06.02	01:38:11.842	159.657	159.658			6
2026.06.02	01:38:12.444	159.658	159.659			6
2026.06.02	01:38:19.650	159.657	159.658			6
2026.06.02	01:38:22.054	159.654	159.655			6
2026.06.02	01:38:25.969	159.655	159.656			6
2026.06.02	01:38:29.874	159.656	159.657			6
2026.06.02	01:38:30.474	159.654	159.655			6
2026.06.02	01:38:36.181	159.656	159.657			6
2026.06.02	01:38:47.301	159.655	159.656			6
2026.06.02	01:38:47.902	159.654	159.655			6
2026.06.02	01:38:48.210	159.653	159.654			6
2026.06.02	01:38:51.812	159.654	159.655			6
2026.06.02	01:38:52.712	159.653	159.654			6
2026.06.02	01:39:00.234	159.653				2
2026.06.02	01:39:00.837	159.654	159.655			6
2026.06.02	01:39:07.754	159.655	159.656			6
2026.06.02	01:39:08.062	159.654	159.655			6
2026.06.02	01:39:08.656	159.655	159.656			6
2026.06.02	01:39:08.959	159.654	159.655			6
2026.06.02	01:39:09.865	159.655	159.656			6
2026.06.02	01:39:15.268	159.653	159.654			6
2026.06.02	01:39:18.275	159.655	159.656			6
2026.06.02	01:39:18.873	159.654	159.655			6
2026.06.02	01:39:20.075	159.655	159.656			6
2026.06.02	01:39:20.374	159.654	159.655			6
2026.06.02	01:39:20.975	159.655	159.656			6
2026.06.02	01:39:26.084	159.654	159.655			6
2026.06.02	01:39:32.692	159.655	159.656			6
2026.06.02	01:39:32.993	159.656	159.657			6
2026.06.02	01:39:37.502	159.654	159.655			6
2026.06.02	01:39:38.713	159.653	159.654			6
2026.06.02	01:39:39.914	159.654	159.655			6
2026.06.02	01:39:40.208	159.655	159.656			6
2026.06.02	01:39:41.408	159.654	159.655			6
2026.06.02	01:39:47.121	159.655	159.656			6
2026.06.02	01:39:47.421	159.656	159.657			6
2026.06.02	01:39:48.322	159.655	159.656			6
2026.06.02	01:39:59.152	159.656	159.657			6
2026.06.02	01:40:00.045	159.656				2
2026.06.02	01:40:03.661	159.655	159.656			6
2026.06.02	01:40:11.474	159.651	159.652			6
2026.06.02	01:40:20.484	159.658	159.659			6
2026.06.02	01:40:25.297	159.657	159.658			6
2026.06.02	01:40:25.605	159.658	159.659			6
2026.06.02	01:40:30.105	159.654	159.655			6
2026.06.02	01:40:30.405	159.651	159.652			6
2026.06.02	01:40:30.706	159.652	159.653			6
2026.06.02	01:40:31.908	159.654	159.655			6
2026.06.02	01:40:37.317	159.653	159.654			6
2026.06.02	01:40:39.426	159.651	159.652			6
2026.06.02	01:40:41.536	159.653	159.654			6
2026.06.02	01:40:45.150	159.652	159.653			6
2026.06.02	01:40:45.443	159.653	159.654			6
2026.06.02	01:41:00.167	159.653				2
2026.06.02	01:41:03.478	159.647	159.648			6
2026.06.02	01:41:42.260	159.646	159.647			6
2026.06.02	01:41:44.663	159.645	159.646			6
2026.06.02	01:41:44.973	159.647	159.648			6
2026.06.02	01:41:46.167	159.648	159.649			6
2026.06.02	01:41:47.067	159.647	159.648			6
2026.06.02	01:41:47.970	159.648	159.649			6
2026.06.02	01:41:48.873	159.647	159.648			6
2026.06.02	01:41:49.176	159.648	159.649			6
2026.06.02	01:41:49.777	159.647	159.648			6
2026.06.02	01:41:50.079	159.648	159.649			6
2026.06.02	01:42:00.000	159.648				2
2026.06.02	01:42:01.203	159.647	159.648			6
2026.06.02	01:42:07.510	159.648	159.649			6
2026.06.02	01:42:11.120	159.647	159.648			6
2026.06.02	01:42:33.369	159.648	159.649			6
2026.06.02	01:43:00.109	159.648				2
2026.06.02	01:43:20.244	159.645	159.646			6
2026.06.02	01:43:27.768	159.648	159.649			6
2026.06.02	01:43:36.169	159.646	159.647			6
2026.06.02	01:43:40.078	159.648	159.649			6
2026.06.02	01:43:51.813	159.649	159.650			6
2026.06.02	01:44:00.230	159.649				2
2026.06.02	01:44:01.433	159.647	159.648			6
2026.06.02	01:44:01.740	159.649	159.650			6
2026.06.02	01:44:02.033	159.648	159.649			6
2026.06.02	01:44:31.791	159.656	159.657			6
2026.06.02	01:44:32.084	159.654	159.655			6
2026.06.02	01:44:32.393	159.653	159.654			6
2026.06.02	01:44:33.286	159.651	159.652			6
2026.06.02	01:44:33.586	159.650	159.651			6
2026.06.02	01:44:36.609	159.649	159.650			6
2026.06.02	01:44:40.204	159.653	159.654			6
2026.06.02	01:44:41.104	159.654	159.655			6
2026.06.02	01:44:43.505	159.653	159.654			6
2026.06.02	01:44:50.120	159.654	159.655			6
2026.06.02	01:44:54.928	159.653	159.654			6
2026.06.02	01:44:57.641	159.654	159.655			6
2026.06.02	01:45:00.038	159.654				2
2026.06.02	01:45:15.347	159.653	159.654			6
2026.06.02	01:45:22.846	159.652	159.653			6
2026.06.02	01:45:36.976	159.653	159.654			6
2026.06.02	01:45:43.584	159.651	159.652			6
2026.06.02	01:45:43.891	159.652	159.653			6
2026.06.02	01:45:46.290	159.647	159.648			6
2026.06.02	01:45:46.590	159.649	159.650			6
2026.06.02	01:45:46.891	159.651	159.652			6
2026.06.02	01:45:47.192	159.650	159.651			6
2026.06.02	01:45:55.919	159.652	159.653			6
2026.06.02	01:45:56.219	159.653	159.654			6
2026.06.02	01:45:56.528	159.655	159.656			6
2026.06.02	01:46:00.139	159.655				2
2026.06.02	01:46:04.650	159.656	159.657			6
2026.06.02	01:46:06.147	159.654	159.655			6
2026.06.02	01:46:11.253	159.653	159.654			6
2026.06.02	01:46:12.461	159.654	159.655			6
2026.06.02	01:46:12.762	159.653	159.654			6
2026.06.02	01:46:17.865	159.652	159.653			6
2026.06.02	01:46:27.474	159.653	159.654			6
2026.06.02	01:46:28.971	159.652	159.653			6
2026.06.02	01:46:29.878	159.653	159.654			6
2026.06.02	01:46:30.780	159.654	159.655			6
2026.06.02	01:46:32.277	159.651	159.652			6
2026.06.02	01:46:36.185	159.652	159.653			6
2026.06.02	01:46:41.299	159.651	159.652			6
2026.06.02	01:46:48.811	159.652	159.653			6
2026.06.02	01:46:49.413	159.654	159.655			6
2026.06.02	01:47:00.236	159.654				2
2026.06.02	01:47:00.537	159.653	159.654			6
2026.06.02	01:47:00.838	159.652	159.653			6
2026.06.02	01:47:04.451	159.653	159.654			6
2026.06.02	01:47:04.756	159.654	159.655			6
2026.06.02	01:47:05.351	159.652	159.653			6
2026.06.02	01:47:14.368	159.653	159.654			6
2026.06.02	01:47:21.890	159.654	159.655			6
2026.06.02	01:47:28.502	159.653	159.654			6
2026.06.02	01:47:29.113	159.652	159.653			6
2026.06.02	01:47:30.608	159.649	159.650			6
2026.06.02	01:47:30.907	159.652	159.653			6
2026.06.02	01:47:31.213	159.653	159.654			6
2026.06.02	01:47:50.453	159.651	159.652			6
2026.06.02	01:47:50.760	159.650	159.651			6
2026.06.02	01:48:00.070	159.650				2
2026.06.02	01:48:02.479	159.651	159.652			6
2026.06.02	01:48:03.077	159.650	159.651			6
2026.06.02	01:48:03.377	159.651	159.652			6
2026.06.02	01:48:04.879	159.650	159.651			6
2026.06.02	01:48:09.088	159.651	159.652			6
2026.06.02	01:48:10.890	159.650	159.651			6
2026.06.02	01:48:12.092	159.649	159.650			6
2026.06.02	01:48:19.923	159.652	159.653			6
2026.06.02	01:48:25.040	159.651	159.652			6
2026.06.02	01:48:28.947	159.653	159.654			6
2026.06.02	01:48:37.362	159.648	159.649			6
2026.06.02	01:48:37.662	159.646	159.647			6
2026.06.02	01:48:46.067	159.644	159.645			6
2026.06.02	01:48:48.770	159.643	159.644			6
2026.06.02	01:48:51.182	159.645	159.646			6
2026.06.02	01:48:51.478	159.643	159.644			6
2026.06.02	01:48:53.278	159.642	159.643			6
2026.06.02	01:48:53.584	159.643	159.644			6
2026.06.02	01:48:55.381	159.642	159.643			6
2026.06.02	01:48:55.683	159.643	159.644			6
2026.06.02	01:49:00.195	159.643				2
2026.06.02	01:49:00.503	159.645	159.646			6
2026.06.02	01:49:11.620	159.644	159.645			6
2026.06.02	01:49:18.232	159.643	159.644			6
2026.06.02	01:49:18.539	159.644	159.645			6
2026.06.02	01:49:26.048	159.643	159.644			6
2026.06.02	01:49:26.352	159.644	159.645			6
2026.06.02	01:49:42.869	159.648	159.649			6
2026.06.02	01:49:43.169	159.647	159.648			6
2026.06.02	01:49:43.471	159.648	159.649			6
2026.06.02	01:49:49.482	159.646	159.647			6
2026.06.02	01:49:51.897	159.647	159.648			6
2026.06.02	01:49:56.100	159.646	159.647			6
2026.06.02	01:49:56.400	159.645	159.646			6
2026.06.02	01:49:57.001	159.644	159.645			6
2026.06.02	01:50:00.010	159.644				2
2026.06.02	01:50:00.610	159.643	159.644			6
2026.06.02	01:50:13.262	159.645	159.646			6
2026.06.02	01:50:15.053	159.643	159.644			6
2026.06.02	01:50:20.772	159.642	159.643			6
2026.06.02	01:50:21.665	159.641	159.642			6
2026.06.02	01:50:23.482	159.644	159.645			6
2026.06.02	01:50:24.376	159.642	159.643			6
2026.06.02	01:50:27.376	159.643	159.644			6
2026.06.02	01:50:27.679	159.644	159.645			6
2026.06.02	01:50:29.486	159.643	159.644			6
2026.06.02	01:50:37.603	159.642	159.643			6
2026.06.02	01:50:40.305	159.641	159.642			6
2026.06.02	01:50:49.334	159.642	159.643			6
2026.06.02	01:50:49.641	159.644	159.645			6
2026.06.02	01:50:51.437	159.642	159.643			6
2026.06.02	01:50:53.846	159.641	159.642			6
2026.06.02	01:51:00.166	159.641				2
2026.06.02	01:51:07.068	159.642	159.643			6
2026.06.02	01:51:07.381	159.641	159.642			6
2026.06.02	01:51:07.680	159.643	159.644			6
2026.06.02	01:51:15.480	159.642	159.643			6
2026.06.02	01:51:18.195	159.641	159.642			6
2026.06.02	01:51:29.912	159.642	159.643			6
2026.06.02	01:51:30.212	159.643	159.644			6
2026.06.02	01:51:31.717	159.640	159.641			6
2026.06.02	01:51:32.323	159.641	159.642			6
2026.06.02	01:51:34.728	159.643	159.644			6
2026.06.02	01:51:38.933	159.644	159.645			6
2026.06.02	01:51:40.433	159.647	159.648			6
2026.06.02	01:51:40.738	159.646	159.647			6
2026.06.02	01:51:42.538	159.647	159.648			6
2026.06.02	01:51:46.743	159.646	159.647			6
2026.06.02	01:51:49.449	159.645	159.646			6
2026.06.02	01:51:52.756	159.643	159.644			6
2026.06.02	01:52:00.266	159.643				2
2026.06.02	01:52:05.984	159.642	159.643			6
2026.06.02	01:52:17.712	159.646	159.647			6
2026.06.02	01:53:00.084	159.646				2
2026.06.02	01:53:17.820		159.647			4
2026.06.02	01:53:20.226	159.644	159.645			6
2026.06.02	01:53:20.527	159.642	159.643			6
2026.06.02	01:53:21.732	159.643	159.644			6
2026.06.02	01:53:25.034	159.642	159.643			6
2026.06.02	01:53:27.738	159.641	159.642			6
2026.06.02	01:53:37.073	159.640	159.641			6
2026.06.02	01:53:37.675	159.641	159.642			6
2026.06.02	01:53:37.966	159.642	159.643			6
2026.06.02	01:53:41.280	159.641	159.642			6
2026.06.02	01:53:41.572	159.642	159.643			6
2026.06.02	01:53:42.479	159.641	159.642			6
2026.06.02	01:53:49.712	159.642	159.643			6
2026.06.02	01:53:50.601	159.641	159.642			6
2026.06.02	01:53:51.213	159.642	159.643			6
2026.06.02	01:53:54.212	159.641	159.642			6
2026.06.02	01:53:54.519	159.642	159.643			6
2026.06.02	01:54:00.230	159.642				2
2026.06.02	01:54:01.134	159.643	159.644			6
2026.06.02	01:54:01.433	159.641	159.642			6
2026.06.02	01:54:02.635	159.642	159.643			6
2026.06.02	01:54:04.753	159.643	159.644			6
2026.06.02	01:54:10.149	159.644	159.645			6
2026.06.02	01:54:15.862	159.643	159.644			6
2026.06.02	01:54:20.062	159.645	159.646			6
2026.06.02	01:54:21.564	159.644	159.645			6
2026.06.02	01:54:27.280	159.643	159.644			6
2026.06.02	01:54:27.578	159.642	159.643			6
2026.06.02	01:54:32.683	159.643	159.644			6
2026.06.02	01:54:32.995	159.644	159.645			6
2026.06.02	01:54:39.603	159.643	159.644			6
2026.06.02	01:54:57.653	159.644	159.645			6
2026.06.02	01:55:00.042	159.644				2
2026.06.02	01:55:27.434	159.645	159.646			6
2026.06.02	01:55:50.261	159.646	159.647			6
2026.06.02	01:55:53.870	159.644	159.645			6
2026.06.02	01:55:54.470	159.643	159.644			6
2026.06.02	01:56:00.193	159.643				2
2026.06.02	01:56:02.587	159.642	159.643			6
2026.06.02	01:56:05.901	159.643	159.644			6
2026.06.02	01:56:11.318	159.642	159.643			6
2026.06.02	01:56:16.428	159.641	159.642			6
2026.06.02	01:56:21.847	159.643	159.644			6
2026.06.02	01:56:22.142	159.642	159.643			6
2026.06.02	01:56:31.155	159.643	159.644			6
2026.06.02	01:56:32.359	159.644	159.645			6
2026.06.02	01:56:50.087	159.643	159.644			6
2026.06.02	01:57:00.012	159.643				2
2026.06.02	01:57:05.137	159.644	159.645			6
2026.06.02	01:57:08.733	159.643	159.644			6
2026.06.02	01:57:11.445	159.644	159.645			6
2026.06.02	01:57:16.554	159.645	159.646			6
2026.06.02	01:57:18.649	159.644	159.645			6
2026.06.02	01:57:27.062	159.643	159.644			6
2026.06.02	01:57:33.988	159.644	159.645			6
2026.06.02	01:57:35.487	159.642	159.643			6
2026.06.02	01:57:35.782	159.643	159.644			6
2026.06.02	01:57:36.386	159.642	159.643			6
2026.06.02	01:57:36.682	159.643	159.644			6
2026.06.02	01:57:38.790	159.642	159.643			6
2026.06.02	01:57:43.006	159.641	159.642			6
2026.06.02	01:57:44.512	159.642	159.643			6
2026.06.02	01:57:51.426	159.643	159.644			6
2026.06.02	01:58:00.148	159.643				2
2026.06.02	01:58:16.680	159.642	159.643			6
2026.06.02	01:58:18.773	159.643	159.644			6
2026.06.02	01:58:23.582	159.644	159.645			6
2026.06.02	01:58:25.087	159.645	159.646			6
2026.06.02	01:58:25.395	159.646	159.647			6
2026.06.02	01:58:29.890	159.645	159.646			6
2026.06.02	01:58:32.307	159.647	159.648			6
2026.06.02	01:58:33.498	159.648	159.649			6
2026.06.02	01:58:33.808	159.646	159.647			6
2026.06.02	01:58:34.705	159.656	159.657			6
2026.06.02	01:58:35.010	159.655	159.656			6
2026.06.02	01:58:46.132	159.657	159.658			6
2026.06.02	01:58:46.436	159.656	159.657			6
2026.06.02	01:58:50.041	159.658	159.659			6
2026.06.02	01:58:50.347	159.659	159.660			6
2026.06.02	01:58:52.144	159.658	159.659			6
2026.06.02	01:59:00.265	159.657	159.658			6
2026.06.02	01:59:00.560	159.656	159.657			6
2026.06.02	01:59:16.193	159.657	159.658			6
2026.06.02	01:59:18.291	159.656	159.657			6
2026.06.02	01:59:24.019	159.657	159.658			6
2026.06.02	01:59:27.018	159.656	159.657			6
2026.06.02	01:59:49.867	159.657	159.658			6
2026.06.02	01:59:57.078	159.656	159.657			6
2026.06.02	01:59:59.475	159.659	159.660			6
2026.06.02	01:59:59.776	159.662	159.663			6
2026.06.02	02:00:00.074	159.661	159.662			6
2026.06.02	02:00:00.374	159.660	159.661			6
2026.06.02	02:00:02.478	159.657	159.658			6
2026.06.02	02:00:03.378	159.656	159.657			6
2026.06.02	02:00:04.280	159.644	159.645			6
2026.06.02	02:00:04.581	159.643	159.644			6
2026.06.02	02:00:04.882	159.642	159.643			6
2026.06.02	02:00:05.182	159.641	159.646			6
2026.06.02	02:00:06.685	159.640	159.645			6
2026.06.02	02:00:07.587	159.641	159.646			6
2026.06.02	02:00:08.201	159.642	159.647			6
2026.06.02	02:00:13.011	159.643	159.648			6
2026.06.02	02:00:17.219		159.647			4
2026.06.02	02:00:19.631	159.642	159.646			6
2026.06.02	02:00:22.637	159.643	159.647			6
2026.06.02	02:00:22.934	159.644	159.648			6
2026.06.02	02:00:23.536	159.643	159.647			6
2026.06.02	02:00:24.442	159.642	159.646			6
2026.06.02	02:00:34.353	159.641	159.645			6
2026.06.02	02:00:34.653	159.642	159.646			6
2026.06.02	02:00:43.064	159.641	159.645			6
2026.06.02	02:00:46.667	159.653	159.657			6
2026.06.02	02:00:47.568	159.654	159.658			6
2026.06.02	02:00:48.177	159.653	159.659			6
2026.06.02	02:00:53.391	159.652	159.656			6
2026.06.02	02:00:58.371		159.657			4
2026.06.02	02:01:00.448	159.652				2
2026.06.02	02:01:02.424		159.656			4
2026.06.02	02:01:04.767		159.657			4
2026.06.02	02:01:09.367		159.658			4
2026.06.02	02:01:10.119		159.656			4
2026.06.02	02:01:13.548		159.655			4
2026.06.02	02:01:15.763		159.656			4
2026.06.02	02:01:18.786		159.657			4
2026.06.02	02:01:19.086		159.656			4
2026.06.02	02:01:32.353	159.651				2
2026.06.02	02:01:32.953	159.652				2
2026.06.02	02:01:37.459		159.655			4
2026.06.02	02:01:37.759	159.651	159.656			6
2026.06.02	02:01:39.039	159.652				2
2026.06.02	02:01:44.413		159.655			4
2026.06.02	02:01:44.713		159.656			4
2026.06.02	02:01:45.614		159.655			4
2026.06.02	02:01:51.027		159.656			4
2026.06.02	02:01:58.297		159.657			4
2026.06.02	02:02:00.100	159.652				2
2026.06.02	02:02:02.218	159.653				2
2026.06.02	02:02:03.419	159.652				2
2026.06.02	02:02:12.373	159.653				2
2026.06.02	02:02:15.076		159.656			4
2026.06.02	02:02:15.376		159.657			4
2026.06.02	02:02:15.675		159.656			4
2026.06.02	02:02:15.974		159.657			4
2026.06.02	02:02:23.186	159.652	159.656			6
2026.06.02	02:02:23.789	159.653	159.657			6
2026.06.02	02:02:31.004	159.652	159.656			6
2026.06.02	02:02:38.530	159.653	159.657			6
2026.06.02	02:02:46.343	159.652	159.656			6
2026.06.02	02:02:46.644	159.653	159.657			6
2026.06.02	02:02:50.552	159.652	159.656			6
2026.06.02	02:02:56.266	159.653				2
2026.06.02	02:03:00.178	159.653				2
2026.06.02	02:03:09.505	159.647	159.650			6
2026.06.02	02:03:09.805	159.645	159.648			6
2026.06.02	02:03:10.106	159.644				2
2026.06.02	02:03:10.405	159.643	159.647			6
2026.06.02	02:03:11.605	159.642	159.646			6
2026.06.02	02:03:14.311	159.643	159.647			6
2026.06.02	02:03:23.639	159.644	159.648			6
2026.06.02	02:03:30.848	159.643	159.647			6
2026.06.02	02:03:35.954	159.642	159.646			6
2026.06.02	02:03:38.056	159.643	159.647			6
2026.06.02	02:03:41.962	159.644	159.648			6
2026.06.02	02:03:45.868	159.642	159.646			6
2026.06.02	02:03:46.169	159.643	159.647			6
2026.06.02	02:03:47.070	159.642	159.646			6
2026.06.02	02:03:48.269		159.645			4
2026.06.02	02:03:53.982	159.643	159.646			6
2026.06.02	02:03:58.496	159.644	159.647			6
2026.06.02	02:04:00.003	159.644				2
2026.06.02	02:04:19.542	159.645	159.648			6
2026.06.02	02:04:19.843	159.644	159.647			6
2026.06.02	02:04:23.148	159.645				2
2026.06.02	02:04:24.352	159.644	159.646			6
2026.06.02	02:04:28.558	159.652	159.654			6
2026.06.02	02:04:28.859	159.653	159.655			6
2026.06.02	02:04:29.158	159.652	159.656			6
2026.06.02	02:04:30.662	159.653	159.657			6
2026.06.02	02:04:30.961	159.652	159.656			6
2026.06.02	02:04:34.264	159.653	159.657			6
2026.06.02	02:04:39.976	159.655	159.659			6
2026.06.02	02:04:52.020	159.656	159.660			6
2026.06.02	02:04:56.232	159.655	159.659			6
2026.06.02	02:05:00.138	159.655				2
2026.06.02	02:05:02.241	159.656				2
2026.06.02	02:05:37.121		159.658			4
2026.06.02	02:05:42.533	159.657	159.659			6
2026.06.02	02:05:52.152	159.656	159.658			6
2026.06.02	02:05:56.057	159.657	159.659			6
2026.06.02	02:06:00.261	159.657				2
2026.06.02	02:06:01.164	159.656	159.658			6
2026.06.02	02:06:01.464	159.648	159.650			6
2026.06.02	02:06:02.365	159.645	159.649			6
2026.06.02	02:06:02.664		159.648			4
2026.06.02	02:06:09.876	159.646	159.649			6
2026.06.02	02:06:10.176	159.649	159.653			6
2026.06.02	02:06:10.477	159.648	159.652			6
2026.06.02	02:06:10.776	159.646	159.650			6
2026.06.02	02:06:11.077	159.645	159.649			6
2026.06.02	02:06:21.007	159.646				2
2026.06.02	02:06:21.308		159.648			4
2026.06.02	02:06:21.910	159.647	159.650			6
2026.06.02	02:06:22.211	159.646	159.649			6
2026.06.02	02:06:24.916	159.655	159.658			6
2026.06.02	02:06:25.216	159.654				2
2026.06.02	02:06:28.529		159.659			4
2026.06.02	02:06:32.738		159.658			4
2026.06.02	02:06:40.553	159.653				2
2026.06.02	02:06:42.054		159.657			4
2026.06.02	02:06:45.657		159.656			4
2026.06.02	02:06:51.063		159.657			4
2026.06.02	02:07:00.077	159.653				2
2026.06.02	02:07:16.312	159.652	159.656			6
2026.06.02	02:07:16.614	159.653	159.657			6
2026.06.02	02:07:19.020	159.648	159.652			6
2026.06.02	02:07:19.319	159.647	159.651			6
2026.06.02	02:07:20.822	159.648	159.652			6
2026.06.02	02:07:28.041	159.649	159.653			6
2026.06.02	02:07:28.643	159.648	159.652			6
2026.06.02	02:07:28.943	159.647	159.651			6
2026.06.02	02:07:29.244	159.653	159.657			6
2026.06.02	02:07:30.146		159.658			4
2026.06.02	02:07:31.576		159.657			4
2026.06.02	02:07:41.501		159.658			4
2026.06.02	02:07:44.205		159.657			4
2026.06.02	02:08:00.140	159.653				2
2026.06.02	02:08:02.548		159.656			4
2026.06.02	02:08:02.848		159.657			4
2026.06.02	02:08:04.049	159.652	159.656			6
2026.06.02	02:08:04.951	159.653	159.657			6
2026.06.02	02:08:10.363	159.655	159.659			6
2026.06.02	02:08:10.663	159.654	159.658			6
2026.06.02	02:08:12.468	159.655	159.659			6
2026.06.02	02:08:16.377		159.658			4
2026.06.02	02:08:19.384	159.656	159.659			6
2026.06.02	02:08:21.189	159.655	159.658			6
2026.06.02	02:08:30.818	159.656	159.659			6
2026.06.02	02:08:36.531	159.657	159.660			6
2026.06.02	02:08:43.143	159.656	159.659			6
2026.06.02	02:08:43.445	159.657	159.660			6
2026.06.02	02:08:50.358		159.659			4
2026.06.02	02:08:52.761	159.658	159.660			6
2026.06.02	02:08:53.061	159.657	159.659			6
2026.06.02	02:08:53.664	159.658	159.660			6
2026.06.02	02:08:57.269	159.657	159.659			6
2026.06.02	02:08:58.774	159.658	159.660			6
2026.06.02	02:08:59.376	159.657	159.659			6
2026.06.02	02:09:00.276	159.657				2
2026.06.02	02:09:04.178	159.658	159.660			6
2026.06.02	02:09:05.080	159.657	159.659			6
2026.06.02	02:09:19.213		159.658			4
2026.06.02	02:09:21.615	159.658	159.659			6
2026.06.02	02:09:21.916	159.659	159.660			6
2026.06.02	02:09:30.032	159.657	159.658			6
2026.06.02	02:09:30.332	159.660	159.661			6
2026.06.02	02:09:30.932	159.658	159.659			6
2026.06.02	02:09:36.948	159.657	159.658			6
2026.06.02	02:09:37.248	159.658	159.659			6
2026.06.02	02:10:00.084	159.658				2
2026.06.02	02:10:06.697	159.657	159.658			6
2026.06.02	02:10:08.802	159.656	159.657			6
2026.06.02	02:10:10.605	159.657	159.658			6
2026.06.02	02:10:17.519	159.649	159.650			6
2026.06.02	02:10:17.819	159.646	159.647			6
2026.06.02	02:10:19.328	159.644	159.648			6
2026.06.02	02:10:20.527	159.643	159.646			6
2026.06.02	02:10:20.828	159.642				2
2026.06.02	02:10:21.128	159.643	159.647			6
2026.06.02	02:10:21.729	159.642	159.646			6
2026.06.02	02:10:22.030	159.643	159.647			6
2026.06.02	02:10:32.249	159.651	159.655			6
2026.06.02	02:10:32.549	159.653	159.657			6
2026.06.02	02:10:40.961	159.654				2
2026.06.02	02:10:41.261		159.658			4
2026.06.02	02:10:44.269		159.659			4
2026.06.02	02:10:49.566		159.657			4
2026.06.02	02:11:00.094	159.654				2
2026.06.02	02:11:03.110		159.658			4
2026.06.02	02:11:16.952		159.657			4
2026.06.02	02:11:19.054	159.655	159.659			6
2026.06.02	02:11:19.654	159.654	159.658			6
2026.06.02	02:11:21.457	159.655				2
2026.06.02	02:11:30.475		159.657			4
2026.06.02	02:11:37.097		159.658			4
2026.06.02	02:11:46.424	159.656	159.659			6
2026.06.02	02:11:48.231		159.658			4
2026.06.02	02:11:51.238	159.655				2
2026.06.02	02:11:58.157		159.657			4
2026.06.02	02:12:00.259	159.655				2
2026.06.02	02:12:02.362		159.656			4
2026.06.02	02:12:02.664		159.657			4
2026.06.02	02:12:03.867	159.654	159.656			6
2026.06.02	02:12:22.213	159.655				2
2026.06.02	02:12:26.122	159.654	159.655			6
2026.06.02	02:12:30.032	159.655	159.656			6
2026.06.02	02:12:34.239	159.654	159.655			6
2026.06.02	02:12:34.539	159.655	159.656			6
2026.06.02	02:13:00.076	159.655				2
2026.06.02	02:13:03.983	159.656	159.657			6
2026.06.02	02:13:06.086	159.655	159.656			6
2026.06.02	02:13:08.199	159.653	159.654			6
2026.06.02	02:13:08.499	159.654	159.655			6
2026.06.02	02:13:13.612	159.655	159.656			6
2026.06.02	02:13:32.248	159.654	159.655			6
2026.06.02	02:13:34.050	159.655	159.656			6
2026.06.02	02:13:37.958	159.654	159.655			6
2026.06.02	02:13:43.065	159.655	159.656			6
2026.06.02	02:13:47.277	159.654	159.655			6
2026.06.02	02:14:00.211	159.654				2
2026.06.02	02:14:02.621	159.655	159.656			6
2026.06.02	02:14:05.022	159.654	159.655			6
2026.06.02	02:14:12.539	159.655	159.656			6
2026.06.02	02:14:12.839	159.653	159.654			6
2026.06.02	02:14:13.441	159.654	159.655			6
2026.06.02	02:14:35.690	159.653	159.654			6
2026.06.02	02:14:36.894	159.654	159.655			6
2026.06.02	02:14:37.796	159.653	159.654			6
2026.06.02	02:14:38.096	159.654	159.655			6
2026.06.02	02:14:38.399	159.655	159.656			6
2026.06.02	02:14:41.104	159.654	159.655			6
2026.06.02	02:14:45.312	159.646	159.647			6
2026.06.02	02:14:48.318	159.647	159.648			6
2026.06.02	02:14:57.948	159.646	159.647			6
2026.06.02	02:14:58.849	159.654	159.655			6
2026.06.02	02:14:59.149		159.656			4
2026.06.02	02:14:59.449	159.655	159.657			6
2026.06.02	02:15:00.051	159.655				2
2026.06.02	02:15:00.654	159.654	159.656			6
2026.06.02	02:15:02.157	159.653	159.655			6
2026.06.02	02:15:02.457	159.654	159.656			6
2026.06.02	02:15:04.558	159.653	159.655			6
2026.06.02	02:15:05.761	159.654	159.656			6
2026.06.02	02:15:06.061	159.655	159.657			6
2026.06.02	02:15:06.362	159.654	159.656			6
2026.06.02	02:15:08.764	159.655	159.657			6
2026.06.02	02:15:12.972	159.654	159.656			6
2026.06.02	02:15:22.295		159.655			4
2026.06.02	02:15:25.002	159.655	159.656			6
2026.06.02	02:15:25.303	159.654	159.655			6
2026.06.02	02:15:33.122	159.650	159.651			6
2026.06.02	02:15:33.425	159.652	159.653			6
2026.06.02	02:15:33.726	159.653	159.654			6
2026.06.02	02:15:34.027	159.652	159.653			6
2026.06.02	02:15:34.327		159.654			4
2026.06.02	02:15:35.231	159.651				2
2026.06.02	02:15:36.732	159.652	159.655			6
2026.06.02	02:15:38.535	159.650	159.653			6
2026.06.02	02:15:38.835	159.651	159.654			6
2026.06.02	02:15:43.343	159.652				2
2026.06.02	02:15:44.546	159.651	159.653			6
2026.06.02	02:15:44.846	159.650	159.652			6
2026.06.02	02:15:45.146	159.647	159.649			6
2026.06.02	02:15:52.958	159.645	159.648			6
2026.06.02	02:15:57.466	159.646	159.649			6
2026.06.02	02:15:58.367	159.645	159.648			6
2026.06.02	02:15:58.666	159.650	159.653			6
2026.06.02	02:15:59.868	159.651	159.654			6
2026.06.02	02:16:00.168	159.650				2
2026.06.02	02:16:03.172	159.651				2
2026.06.02	02:16:12.191	159.646	159.649			6
2026.06.02	02:16:12.491	159.645	159.647			6
2026.06.02	02:16:13.097		159.648			4
2026.06.02	02:16:19.714		159.649			4
2026.06.02	02:16:20.617	159.644	159.648			6
2026.06.02	02:16:23.326	159.645				2
2026.06.02	02:16:31.448	159.644	159.647			6
2026.06.02	02:16:31.749	159.646	159.649			6
2026.06.02	02:16:32.049	159.647	159.650			6
2026.06.02	02:16:32.350	159.646	159.649			6
2026.06.02	02:16:33.248	159.647	159.650			6
2026.06.02	02:16:33.549	159.646	159.649			6
2026.06.02	02:16:35.952	159.645	159.648			6
2026.06.02	02:16:37.154	159.646	159.649			6
2026.06.02	02:16:38.358	159.647	159.650			6
2026.06.02	02:16:40.160	159.646	159.649			6
2026.06.02	02:16:40.761	159.645	159.648			6
2026.06.02	02:16:42.863	159.646	159.649			6
2026.06.02	02:16:47.368	159.645	159.648			6
2026.06.02	02:16:47.669	159.647	159.650			6
2026.06.02	02:16:58.786	159.646	159.649			6
2026.06.02	02:17:00.289	159.646				2
2026.06.02	02:17:04.198		159.648			4
2026.06.02	02:17:09.010	159.647	159.649			6
2026.06.02	02:17:10.215	159.646	159.648			6
2026.06.02	02:17:10.817	159.647	159.649			6
2026.06.02	02:17:13.524	159.646	159.648			6
2026.06.02	02:17:15.026	159.642	159.644			6
2026.06.02	02:17:16.231		159.645			4
2026.06.02	02:17:18.341		159.644			4
2026.06.02	02:17:20.748	159.641	159.643			6
2026.06.02	02:17:21.648	159.642	159.644			6
2026.06.02	02:17:22.249	159.641	159.643			6
2026.06.02	02:17:22.551	159.643	159.645			6
2026.06.02	02:17:22.850	159.642	159.644			6
2026.06.02	02:17:25.254	159.643	159.645			6
2026.06.02	02:17:25.854	159.642	159.644			6
2026.06.02	02:17:26.457	159.643	159.645			6
2026.06.02	02:17:27.359	159.642	159.644			6
2026.06.02	02:17:32.166	159.641	159.643			6
2026.06.02	02:17:41.177	159.642				2
2026.06.02	02:17:43.585	159.643	159.644			6
2026.06.02	02:17:43.886	159.642	159.643			6
2026.06.02	02:17:53.203	159.643	159.644			6
2026.06.02	02:18:00.114	159.643				2
2026.06.02	02:18:09.726	159.642	159.643			6
2026.06.02	02:18:15.739	159.641	159.642			6
2026.06.02	02:18:31.661	159.643	159.644			6
2026.06.02	02:18:37.373	159.642	159.643			6
2026.06.02	02:18:40.979	159.643	159.644			6
2026.06.02	02:18:45.184	159.644	159.645			6
2026.06.02	02:18:46.385	159.643	159.644			6
2026.06.02	02:18:49.393	159.642	159.643			6
2026.06.02	02:18:54.811	159.643	159.644			6
2026.06.02	02:19:00.237	159.643				2
2026.06.02	02:19:02.045	159.645	159.646			6
2026.06.02	02:19:54.648	159.644	159.645			6
2026.06.02	02:19:55.249	159.645	159.646			6
2026.06.02	02:19:55.549	159.646	159.647			6
2026.06.02	02:20:00.063	159.646				2
2026.06.02	02:20:12.083	159.647	159.648			6
2026.06.02	02:20:20.798	159.648	159.649			6
2026.06.02	02:20:26.813	159.647	159.648			6
2026.06.02	02:20:27.113	159.648	159.649			6
2026.06.02	02:20:36.132	159.647	159.648			6
2026.06.02	02:20:41.245	159.648	159.649			6
2026.06.02	02:20:55.366	159.647	159.648			6
2026.06.02	02:21:00.176	159.647				2
2026.06.02	02:21:01.978	159.646	159.647			6
2026.06.02	02:21:05.283	159.647	159.648			6
2026.06.02	02:21:13.700	159.645	159.646			6
2026.06.02	02:21:26.024	159.646	159.647			6
2026.06.02	02:21:48.862	159.647	159.648			6
2026.06.02	02:21:49.463	159.646	159.647			6
2026.06.02	02:21:54.876	159.647	159.648			6
2026.06.02	02:22:00.284	159.647				2
2026.06.02	02:22:05.087	159.646	159.647			6
2026.06.02	02:22:05.389	159.647	159.648			6
2026.06.02	02:22:07.496	159.646	159.647			6
2026.06.02	02:22:07.796	159.645	159.646			6
2026.06.02	02:22:09.901	159.646	159.647			6
2026.06.02	02:22:25.545	159.647	159.648			6
2026.06.02	02:22:37.263	159.653	159.654			6
2026.06.02	02:22:41.167	159.654	159.655			6
2026.06.02	02:22:47.782	159.653	159.654			6
2026.06.02	02:22:48.083	159.654	159.655			6
2026.06.02	02:22:51.392	159.652	159.653			6
2026.06.02	02:23:00.117	159.652				2
2026.06.02	02:23:03.125	159.650	159.651			6
2026.06.02	02:23:04.328	159.651	159.652			6
2026.06.02	02:23:14.548	159.652	159.653			6
2026.06.02	02:23:35.879	159.651	159.652			6
2026.06.02	02:23:37.381	159.652	159.653			6
2026.06.02	02:23:46.407	159.648	159.649			6
2026.06.02	02:23:55.732	159.647	159.648			6
2026.06.02	02:23:59.948	159.648	159.649			6
2026.06.02	02:24:00.249	159.648				2
2026.06.02	02:24:01.152	159.647	159.648			6
2026.06.02	02:24:09.264	159.648	159.649			6
2026.06.02	02:24:16.475	159.647	159.648			6
2026.06.02	02:25:00.068	159.647				2
2026.06.02	02:25:14.799		159.649			4
2026.06.02	02:25:16.602		159.648			4
2026.06.02	02:25:37.949	159.646	159.647			6
2026.06.02	02:25:39.452	159.647	159.648			6
2026.06.02	02:25:49.059	159.646	159.647			6
2026.06.02	02:26:00.181	159.646				2
2026.06.02	02:26:08.012	159.645	159.646			6
2026.06.02	02:26:48.296	159.646	159.647			6
2026.06.02	02:26:50.700	159.645	159.646			6
2026.06.02	02:27:00.032	159.645				2
2026.06.02	02:27:04.840	159.646	159.647			6
2026.06.02	02:27:26.483	159.645	159.646			6
2026.06.02	02:27:26.783	159.646	159.647			6
2026.06.02	02:27:35.807	159.645	159.646			6
2026.06.02	02:27:53.564	159.646	159.647			6
2026.06.02	02:27:55.368	159.645	159.646			6
2026.06.02	02:28:00.177	159.645				2
2026.06.02	02:28:10.104	159.646	159.647			6
2026.06.02	02:28:40.776	159.647	159.648			6
2026.06.02	02:28:41.075	159.648	159.649			6
2026.06.02	02:29:00.006	159.648				2
2026.06.02	02:29:41.193		159.649			4
2026.06.02	02:30:00.147	159.648				2
2026.06.02	02:30:01.051	159.643	159.644			6
2026.06.02	02:30:01.349	159.644	159.645			6
2026.06.02	02:30:01.650	159.645	159.646			6
2026.06.02	02:30:06.157	159.646	159.647			6
2026.06.02	02:30:11.565	159.647	159.648			6
2026.06.02	02:30:12.765	159.645	159.646			6
2026.06.02	02:30:15.167	159.646	159.647			6
2026.06.02	02:30:16.068	159.645	159.646			6
2026.06.02	02:30:16.368	159.646	159.647			6
2026.06.02	02:30:18.475	159.645	159.646			6
2026.06.02	02:30:19.378	159.646	159.647			6
2026.06.02	02:30:20.880	159.645	159.646			6
2026.06.02	02:30:21.783	159.646	159.647			6
2026.06.02	02:30:27.501	159.645	159.646			6
2026.06.02	02:30:28.705	159.646	159.647			6
2026.06.02	02:30:49.445	159.647	159.648			6
2026.06.02	02:30:50.948	159.646	159.647			6
2026.06.02	02:30:51.848	159.647	159.648			6
2026.06.02	02:30:53.949	159.646	159.647			6
2026.06.02	02:30:54.250	159.647	159.648			6
2026.06.02	02:31:00.258	159.647				2
2026.06.02	02:31:05.061	159.646	159.647			6
2026.06.02	02:31:20.394	159.645	159.646			6
2026.06.02	02:31:21.295	159.646	159.647			6
2026.06.02	02:31:33.622	159.647	159.648			6
2026.06.02	02:31:46.855	159.646	159.647			6
2026.06.02	02:32:00.072	159.646				2
2026.06.02	02:32:00.980	159.647	159.648			6
2026.06.02	02:32:04.887	159.646	159.647			6
2026.06.02	02:32:17.819	159.643	159.644			6
2026.06.02	02:32:18.110	159.644	159.645			6
2026.06.02	02:32:22.326	159.643	159.644			6
2026.06.02	02:32:22.617	159.644	159.645			6
2026.06.02	02:32:44.260	159.645	159.646			6
2026.06.02	02:32:46.063	159.644	159.645			6
2026.06.02	02:33:00.197	159.644				2
2026.06.02	02:33:05.907	159.643	159.644			6
2026.06.02	02:33:20.040	159.644	159.645			6
2026.06.02	02:33:37.166	159.643	159.644			6
2026.06.02	02:33:45.891	159.644	159.645			6
2026.06.02	02:34:00.022	159.644				2
2026.06.02	02:34:03.330	159.643	159.644			6
2026.06.02	02:34:04.536	159.645	159.646			6
2026.06.02	02:34:32.491	159.646	159.647			6
2026.06.02	02:34:41.229	159.647	159.648			6
2026.06.02	02:34:41.829	159.646	159.647			6
2026.06.02	02:34:51.761	159.647	159.648			6
2026.06.02	02:34:52.066	159.646	159.647			6
2026.06.02	02:34:58.672	159.647	159.648			6
2026.06.02	02:35:00.178	159.647				2
2026.06.02	02:35:05.587	159.646	159.647			6
2026.06.02	02:35:05.891	159.645	159.646			6
2026.06.02	02:35:06.499	159.646	159.647			6
2026.06.02	02:35:39.266	159.645	159.646			6
2026.06.02	02:35:44.378	159.648	159.649			6
2026.06.02	02:35:47.689	159.649	159.650			6
2026.06.02	02:35:50.698	159.648	159.649			6
2026.06.02	02:35:57.018	159.647	159.648			6
2026.06.02	02:36:00.026	159.647				2
2026.06.02	02:36:57.140		159.648			4
2026.06.02	02:37:00.142	159.647				2
2026.06.02	02:37:04.362	159.646	159.647			6
2026.06.02	02:37:04.651	159.648	159.649			6
2026.06.02	02:37:09.762	159.647	159.648			6
2026.06.02	02:37:10.665	159.648	159.649			6
2026.06.02	02:37:10.964	159.647	159.648			6
2026.06.02	02:37:17.584	159.648	159.649			6
2026.06.02	02:37:40.439	159.655	159.656			6
2026.06.02	02:37:40.743	159.657	159.658			6
2026.06.02	02:37:45.564	159.656	159.657			6
2026.06.02	02:37:57.878	159.657	159.658			6
2026.06.02	02:38:00.283	159.657				2
2026.06.02	02:38:01.198	159.648	159.649			6
2026.06.02	02:38:03.290	159.647	159.648			6
2026.06.02	02:38:03.590	159.642	159.643			6
2026.06.02	02:38:03.890	159.635	159.636			6
2026.06.02	02:38:04.191	159.632	159.638			6
2026.06.02	02:38:04.503		159.636			4
2026.06.02	02:38:04.791		159.637			4
2026.06.02	02:38:05.091		159.636			4
2026.06.02	02:38:05.704	159.629	159.633			6
2026.06.02	02:38:10.177	159.630	159.634			6
2026.06.02	02:38:15.193	159.629	159.635			6
2026.06.02	02:38:16.480	159.634	159.639			6
2026.06.02	02:38:17.270	159.631	159.637			6
2026.06.02	02:38:18.173	159.632	159.636			6
2026.06.02	02:38:18.775	159.631	159.637			6
2026.06.02	02:38:19.075	159.632	159.636			6
2026.06.02	02:38:28.465	159.631				2
2026.06.02	02:38:30.144		159.637			4
2026.06.02	02:38:34.209		159.636			4
2026.06.02	02:38:47.079		159.635			4
2026.06.02	02:38:49.487	159.630				2
2026.06.02	02:38:49.784		159.636			4
2026.06.02	02:38:54.851	159.629				2
2026.06.02	02:38:59.138		159.635			4
2026.06.02	02:39:00.041	159.629				2
2026.06.02	02:39:01.546		159.636			4
2026.06.02	02:39:03.315	159.628	159.635			6
2026.06.02	02:39:11.436	159.629	159.636			6
2026.06.02	02:39:14.450	159.620	159.625			6
2026.06.02	02:39:14.745	159.622	159.628			6
2026.06.02	02:39:15.045	159.620	159.625			6
2026.06.02	02:39:15.645	159.619				2
2026.06.02	02:39:20.290	159.621				2
2026.06.02	02:39:20.590	159.619				2
2026.06.02	02:39:22.699		159.626			4
2026.06.02	02:39:22.999		159.625			4
2026.06.02	02:39:24.503	159.618				2
2026.06.02	02:39:24.803	159.619				2
2026.06.02	02:39:25.705	159.621	159.626			6
2026.06.02	02:39:26.005	159.620				2
2026.06.02	02:39:26.307	159.619				2
2026.06.02	02:39:26.607	159.620				2
2026.06.02	02:39:27.208	159.621				2
2026.06.02	02:39:30.778	159.626	159.631			6
2026.06.02	02:39:31.375	159.627	159.633			6
2026.06.02	02:39:32.276	159.621	159.626			6
2026.06.02	02:39:32.576	159.620				2
2026.06.02	02:39:34.196	159.624	159.629			6
2026.06.02	02:39:36.132	159.622	159.627			6
2026.06.02	02:39:36.432	159.623	159.628			6
2026.06.02	02:39:37.334	159.622				2
2026.06.02	02:39:37.934	159.624				2
2026.06.02	02:39:40.667	159.621	159.626			6
2026.06.02	02:39:51.074	159.623	159.628			6
2026.06.02	02:39:52.024	159.622				2
2026.06.02	02:39:52.951	159.626	159.632			6
2026.06.02	02:39:53.987	159.627				2
2026.06.02	02:39:54.287		159.631			4
2026.06.02	02:39:54.890		159.632			4
2026.06.02	02:40:00.169	159.627				2
2026.06.02	02:40:00.771	159.623	159.629			6
2026.06.02	02:40:01.371	159.624	159.630			6
2026.06.02	02:40:09.395	159.621	159.624			6
2026.06.02	02:40:11.281	159.620				2
2026.06.02	02:40:25.490		159.625			4
2026.06.02	02:40:25.790	159.619	159.624			6
2026.06.02	02:40:28.691	159.620				2
2026.06.02	02:40:33.201	159.619				2
2026.06.02	02:40:34.965	159.620				2
2026.06.02	02:40:35.565	159.619				2
2026.06.02	02:40:38.141	159.622	159.626			6
2026.06.02	02:40:38.440	159.623	159.628			6
2026.06.02	02:40:38.739		159.627			4
2026.06.02	02:40:39.341	159.622				2
2026.06.02	02:40:41.143	159.624	159.626			6
2026.06.02	02:40:42.347		159.627			4
2026.06.02	02:40:43.247		159.629			4
2026.06.02	02:40:44.435		159.630			4
2026.06.02	02:40:47.289	159.623	159.629			6
2026.06.02	02:40:50.576	159.624	159.630			6
2026.06.02	02:40:51.176	159.625				2
2026.06.02	02:40:54.055	159.624				2
2026.06.02	02:40:57.548	159.625				2
2026.06.02	02:40:58.152	159.624				2
2026.06.02	02:41:00.174	159.625	159.631			6
2026.06.02	02:41:03.095	159.624				2
2026.06.02	02:41:04.000		159.630			4
2026.06.02	02:41:08.111	159.625				2
2026.06.02	02:41:13.190	159.626				2
2026.06.02	02:41:17.369	159.622	159.627			6
2026.06.02	02:41:18.570	159.621	159.626			6
2026.06.02	02:41:21.406	159.625	159.629			6
2026.06.02	02:41:22.739	159.623	159.627			6
2026.06.02	02:41:23.341	159.622				2
2026.06.02	02:41:28.459	159.624				2
2026.06.02	02:41:28.759	159.623				2
2026.06.02	02:41:29.061	159.622				2
2026.06.02	02:41:30.080	159.624				2
2026.06.02	02:41:30.382	159.622				2
2026.06.02	02:41:31.088	159.623				2
2026.06.02	02:41:32.591	159.624	159.628			6
2026.06.02	02:41:33.193	159.623	159.627			6
2026.06.02	02:41:33.494	159.624	159.628			6
2026.06.02	02:41:33.794		159.629			4
2026.06.02	02:41:34.701		159.628			4
2026.06.02	02:41:40.545	159.622	159.627			6
2026.06.02	02:41:40.845	159.621				2
2026.06.02	02:41:41.147	159.620	159.624			6
2026.06.02	02:41:41.447	159.618				2
2026.06.02	02:41:45.738	159.619				2
2026.06.02	02:41:46.338	159.620				2
2026.06.02	02:41:49.193	159.619				2
2026.06.02	02:41:52.934	159.620				2
2026.06.02	02:41:53.234	159.619				2
2026.06.02	02:41:54.883	159.620				2
2026.06.02	02:41:58.525	159.619				2
2026.06.02	02:42:00.047	159.619				2
2026.06.02	02:42:01.468	159.620	159.627			6
2026.06.02	02:42:01.769		159.625			4
2026.06.02	02:42:02.973		159.626			4
2026.06.02	02:42:06.282		159.625			4
2026.06.02	02:42:06.808	159.619				2
2026.06.02	02:42:09.968	159.623	159.627			6
2026.06.02	02:42:10.268	159.624	159.628			6
2026.06.02	02:42:15.777	159.625	159.629			6
2026.06.02	02:42:22.156		159.630			4
2026.06.02	02:42:22.462		159.629			4
2026.06.02	02:42:26.117		159.628			4
2026.06.02	02:42:32.287	159.624	159.629			6
2026.06.02	02:42:35.001	159.628	159.633			6
2026.06.02	02:42:36.751	159.627				2
2026.06.02	02:42:39.187	159.629				2
2026.06.02	02:42:46.888		159.632			4
2026.06.02	02:42:48.192		159.633			4
2026.06.02	02:42:48.492		159.634			4
2026.06.02	02:42:49.993	159.631	159.635			6
2026.06.02	02:42:50.294		159.636			4
2026.06.02	02:42:51.195	159.629	159.631			6
2026.06.02	02:42:51.797		159.630			4
2026.06.02	02:42:52.099		159.632			4
2026.06.02	02:42:52.853	159.630	159.635			6
2026.06.02	02:42:57.107	159.631				2
2026.06.02	02:42:59.529	159.630				2
2026.06.02	02:43:00.130	159.630				2
2026.06.02	02:43:02.341		159.634			4
2026.06.02	02:43:02.945		159.635			4
2026.06.02	02:43:07.374		159.634			4
2026.06.02	02:43:19.105		159.635			4
2026.06.02	02:43:33.106	159.629				2
2026.06.02	02:43:33.406	159.630				2
2026.06.02	02:43:36.879	159.629	159.634			6
2026.06.02	02:43:39.673		159.635			4
2026.06.02	02:43:39.975		159.634			4
2026.06.02	02:43:40.921		159.635			4
2026.06.02	02:43:42.251		159.634			4
2026.06.02	02:43:42.698		159.635			4
2026.06.02	02:43:42.998		159.634			4
2026.06.02	02:43:46.170		159.633			4
2026.06.02	02:43:47.877	159.628				2
2026.06.02	02:43:48.179		159.632			4
2026.06.02	02:43:48.479	159.626	159.630			6
2026.06.02	02:43:51.476	159.625				2
2026.06.02	02:43:52.236	159.626				2
2026.06.02	02:43:53.139	159.629	159.633			6
2026.06.02	02:43:59.823		159.634			4
2026.06.02	02:44:00.279	159.629				2
2026.06.02	02:44:10.853	159.630				2
2026.06.02	02:44:20.468	159.629				2
2026.06.02	02:44:28.307	159.630				2
2026.06.02	02:44:29.212	159.629	159.633			6
2026.06.02	02:44:29.812		159.634			4
2026.06.02	02:44:37.186	159.630				2
2026.06.02	02:44:46.204	159.631	159.635			6
2026.06.02	02:44:53.126	159.630	159.634			6
2026.06.02	02:44:54.927	159.629	159.633			6
2026.06.02	02:44:57.636	159.630	159.634			6
2026.06.02	02:45:00.035	159.630				2
2026.06.02	02:45:01.540	159.629	159.632			6
2026.06.02	02:45:01.847		159.633			4
2026.06.02	02:45:05.151	159.630				2
2026.06.02	02:45:05.451	159.629	159.632			6
2026.06.02	02:45:07.558	159.630	159.633			6
2026.06.02	02:45:07.859	159.631	159.634			6
2026.06.02	02:45:09.359	159.630	159.633			6
2026.06.02	02:45:09.961	159.631	159.634			6
2026.06.02	02:45:10.862	159.630	159.633			6
2026.06.02	02:45:11.162	159.631	159.634			6
2026.06.02	02:45:15.066	159.630	159.633			6
2026.06.02	02:45:15.367	159.629	159.632			6
2026.06.02	02:45:15.671	159.630	159.633			6
2026.06.02	02:45:15.970	159.629	159.632			6
2026.06.02	02:45:17.771	159.630	159.633			6
2026.06.02	02:45:21.361	159.627	159.630			6
2026.06.02	02:45:31.586		159.629			4
2026.06.02	02:45:32.777	159.630	159.633			6
2026.06.02	02:45:33.086	159.631	159.634			6
2026.06.02	02:45:33.382	159.630				2
2026.06.02	02:45:33.996	159.629	159.633			6
2026.06.02	02:45:35.199	159.630				2
2026.06.02	02:45:39.691	159.631	159.634			6
2026.06.02	02:45:45.109		159.632			4
2026.06.02	02:45:46.019		159.634			4
2026.06.02	02:45:46.312		159.632			4
2026.06.02	02:45:46.913		159.634			4
2026.06.02	02:45:50.223	159.633	159.636			6
2026.06.02	02:45:52.633	159.635	159.638			6
2026.06.02	02:45:52.931	159.633	159.636			6
2026.06.02	02:45:53.531	159.632	159.635			6
2026.06.02	02:45:55.933	159.631	159.634			6
2026.06.02	02:46:00.145	159.631				2
2026.06.02	02:46:05.258	159.632				2
2026.06.02	02:46:08.255	159.631	159.633			6
2026.06.02	02:46:22.981	159.630	159.632			6
2026.06.02	02:46:25.388	159.631	159.633			6
2026.06.02	02:46:27.198		159.632			4
2026.06.02	02:46:28.096	159.632	159.633			6
2026.06.02	02:46:28.401	159.631	159.632			6
2026.06.02	02:46:28.704	159.632	159.633			6
2026.06.02	02:46:32.012	159.631	159.632			6
2026.06.02	02:46:32.307	159.632	159.633			6
2026.06.02	02:46:32.614	159.631	159.632			6
2026.06.02	02:46:33.810	159.632	159.633			6
2026.06.02	02:46:35.912	159.628	159.629			6
2026.06.02	02:46:36.215	159.627	159.628			6
2026.06.02	02:46:37.116	159.626				2
2026.06.02	02:46:39.218	159.629	159.631			6
2026.06.02	02:46:39.519	159.630	159.632			6
2026.06.02	02:46:40.122	159.629				2
2026.06.02	02:46:44.040	159.631	159.634			6
2026.06.02	02:46:44.335		159.633			4
2026.06.02	02:46:45.233		159.634			4
2026.06.02	02:46:49.149		159.633			4
2026.06.02	02:47:00.260	159.631				2
2026.06.02	02:47:08.976	159.632	159.634			6
2026.06.02	02:47:10.171	159.633				2
2026.06.02	02:47:15.279	159.632	159.633			6
2026.06.02	02:47:24.295	159.630	159.631			6
2026.06.02	02:47:24.597	159.629	159.630			6
2026.06.02	02:47:34.519	159.630	159.631			6
2026.06.02	02:47:39.629	159.631	159.632			6
2026.06.02	02:47:51.056	159.629	159.630			6
2026.06.02	02:47:51.350	159.628	159.629			6
2026.06.02	02:47:55.253	159.630	159.631			6
2026.06.02	02:47:55.561	159.632	159.633			6
2026.06.02	02:47:56.455	159.631	159.632			6
2026.06.02	02:47:57.360	159.632	159.633			6
2026.06.02	02:47:57.963	159.631	159.632			6
2026.06.02	02:48:00.068	159.631				2
2026.06.02	02:48:01.573	159.632	159.633			6
2026.06.02	02:48:11.202	159.633	159.634			6
2026.06.02	02:48:11.796	159.634	159.635			6
2026.06.02	02:48:16.601	159.633	159.634			6
2026.06.02	02:48:19.914	159.634	159.635			6
2026.06.02	02:48:28.351	159.635	159.636			6
2026.06.02	02:48:34.056	159.634	159.635			6
2026.06.02	02:48:55.404	159.635	159.636			6
2026.06.02	02:48:56.315	159.636	159.637			6
2026.06.02	02:49:00.214	159.636				2
2026.06.02	02:49:01.727	159.635	159.636			6
2026.06.02	02:49:05.935	159.634	159.635			6
2026.06.02	02:49:07.128	159.633	159.634			6
2026.06.02	02:49:08.941	159.634	159.635			6
2026.06.02	02:49:29.069	159.633	159.634			6
2026.06.02	02:49:35.675	159.634	159.635			6
2026.06.02	02:49:44.991	159.633	159.634			6
2026.06.02	02:49:45.287	159.634	159.635			6
2026.06.02	02:49:45.594	159.635	159.636			6
2026.06.02	02:49:45.889	159.636	159.637			6
2026.06.02	02:49:49.490	159.635	159.636			6
2026.06.02	02:50:00.012	159.635				2
2026.06.02	02:50:02.723	159.634	159.635			6
2026.06.02	02:50:03.017	159.633	159.634			6
2026.06.02	02:50:09.344	159.632	159.633			6
2026.06.02	02:50:11.438	159.633	159.634			6
2026.06.02	02:50:13.539	159.634	159.635			6
2026.06.02	02:50:21.353	159.632	159.633			6
2026.06.02	02:50:27.962	159.634	159.635			6
2026.06.02	02:50:28.268	159.635	159.636			6
2026.06.02	02:50:28.870	159.636	159.637			6
2026.06.02	02:50:29.164	159.637	159.638			6
2026.06.02	02:50:30.064	159.635	159.636			6
2026.06.02	02:50:30.671	159.636	159.637			6
2026.06.02	02:50:35.179	159.635	159.636			6
2026.06.02	02:50:35.784	159.636	159.637			6
2026.06.02	02:50:36.385	159.637	159.638			6
2026.06.02	02:50:38.185	159.636	159.637			6
2026.06.02	02:50:39.977	159.637	159.638			6
2026.06.02	02:50:42.095	159.640	159.641			6
2026.06.02	02:50:42.393	159.641	159.642			6
2026.06.02	02:50:43.897	159.642	159.643			6
2026.06.02	02:50:45.399	159.643	159.644			6
2026.06.02	02:50:47.814	159.642	159.643			6
2026.06.02	02:50:51.714	159.643	159.644			6
2026.06.02	02:50:54.416	159.645	159.646			6
2026.06.02	02:50:55.924	159.646	159.647			6
2026.06.02	02:51:00.126	159.646				2
2026.06.02	02:51:00.727	159.645	159.646			6
2026.06.02	02:51:01.630	159.646	159.647			6
2026.06.02	02:51:07.340	159.645	159.646			6
2026.06.02	02:51:09.746	159.644	159.645			6
2026.06.02	02:51:15.460	159.643	159.644			6
2026.06.02	02:51:17.257	159.644	159.645			6
2026.06.02	02:51:18.758	159.643	159.644			6
2026.06.02	02:51:31.072	159.642	159.643			6
2026.06.02	02:51:31.674	159.643	159.644			6
2026.06.02	02:51:32.576	159.642	159.643			6
2026.06.02	02:51:32.876	159.643	159.644			6
2026.06.02	02:51:33.177	159.642	159.643			6
2026.06.02	02:51:33.477	159.643	159.644			6
2026.06.02	02:51:40.402	159.644	159.645			6
2026.06.02	02:51:45.511	159.643	159.644			6
2026.06.02	02:51:47.618	159.644	159.645			6
2026.06.02	02:51:52.127	159.645	159.646			6
2026.06.02	02:51:59.349	159.644	159.645			6
2026.06.02	02:52:00.242	159.644				2
2026.06.02	02:52:10.760	159.643	159.644			6
2026.06.02	02:52:23.392	159.644	159.645			6
2026.06.02	02:52:39.324	159.643	159.644			6
2026.06.02	02:52:41.130	159.642	159.643			6
2026.06.02	02:52:41.431	159.643	159.644			6
2026.06.02	02:52:45.639	159.642	159.643			6
2026.06.02	02:52:46.241	159.643	159.644			6
2026.06.02	02:52:48.345	159.644	159.645			6
2026.06.02	02:52:50.747	159.645	159.646			6
2026.06.02	02:52:51.052	159.644	159.645			6
2026.06.02	02:52:57.971	159.646	159.647			6
2026.06.02	02:52:58.261	159.645	159.646			6
2026.06.02	02:52:59.770	159.644	159.645			6
2026.06.02	02:53:00.064	159.644				2
2026.06.02	02:53:00.370	159.645	159.646			6
2026.06.02	02:53:01.863	159.644	159.645			6
2026.06.02	02:53:16.885	159.646	159.647			6
2026.06.02	02:53:17.188	159.647	159.648			6
2026.06.02	02:53:35.837	159.648	159.649			6
2026.06.02	02:53:36.138	159.647	159.648			6
2026.06.02	02:53:38.234	159.646	159.647			6
2026.06.02	02:53:38.544	159.645	159.646			6
2026.06.02	02:53:39.447	159.644	159.645			6
2026.06.02	02:53:55.076	159.643	159.644			6
2026.06.02	02:54:00.172	159.643				2
2026.06.02	02:54:09.192	159.646	159.647			6
2026.06.02	02:54:09.500	159.645	159.646			6
2026.06.02	02:54:10.699	159.644	159.645			6
2026.06.02	02:54:12.213	159.645	159.646			6
2026.06.02	02:54:14.001	159.646	159.647			6
2026.06.02	02:54:14.902	159.645	159.646			6
2026.06.02	02:54:25.134	159.647	159.648			6
2026.06.02	02:54:25.741	159.653	159.654			6
2026.06.02	02:54:26.045	159.655	159.656			6
2026.06.02	02:54:26.335	159.654	159.655			6
2026.06.02	02:54:27.244		159.656			4
2026.06.02	02:54:28.140	159.653	159.655			6
2026.06.02	02:54:29.644	159.654	159.656			6
2026.06.02	02:54:39.265		159.655			4
2026.06.02	02:54:40.169		159.656			4
2026.06.02	02:54:41.371		159.655			4
2026.06.02	02:54:44.964	159.651	159.652			6
2026.06.02	02:54:45.277	159.652	159.653			6
2026.06.02	02:54:45.875	159.651	159.652			6
2026.06.02	02:54:46.170		159.653			4
2026.06.02	02:54:56.093	159.652				2
2026.06.02	02:54:58.497	159.651	159.652			6
2026.06.02	02:55:00.004	159.651				2
2026.06.02	02:55:03.016	159.649	159.650			6
2026.06.02	02:55:04.221	159.648				2
2026.06.02	02:55:04.516	159.646	159.648			6
2026.06.02	02:55:13.233		159.647			4
2026.06.02	02:55:23.151	159.647	159.648			6
2026.06.02	02:55:24.657	159.646	159.647			6
2026.06.02	02:55:25.258	159.647	159.648			6
2026.06.02	02:55:26.167	159.646	159.647			6
2026.06.02	02:55:31.270	159.647	159.648			6
2026.06.02	02:55:31.565	159.646	159.647			6
2026.06.02	02:55:31.868	159.644	159.645			6
2026.06.02	02:55:34.279	159.643	159.644			6
2026.06.02	02:55:36.076	159.644	159.645			6
2026.06.02	02:55:49.007	159.645	159.646			6
2026.06.02	02:55:54.720	159.644	159.645			6
2026.06.02	02:56:00.139	159.644				2
2026.06.02	02:56:03.460	159.643	159.644			6
2026.06.02	02:56:10.064	159.644	159.645			6
2026.06.02	02:56:30.186	159.643	159.644			6
2026.06.02	02:56:41.033	159.644	159.645			6
2026.06.02	02:56:41.335	159.643	159.644			6
2026.06.02	02:56:53.666	159.644	159.645			6
2026.06.02	02:56:53.958	159.643	159.644			6
2026.06.02	02:56:59.374	159.644	159.645			6
2026.06.02	02:57:00.277	159.644				2
2026.06.02	02:57:13.513	159.645	159.646			6
2026.06.02	02:57:18.317	159.644	159.645			6
2026.06.02	02:57:18.629	159.645	159.646			6
2026.06.02	02:57:20.118	159.644	159.645			6
2026.06.02	02:57:22.220	159.646	159.647			6
2026.06.02	02:57:23.424	159.645	159.646			6
2026.06.02	02:57:24.626	159.646	159.647			6
2026.06.02	02:57:24.930	159.645	159.646			6
2026.06.02	02:57:28.234	159.646	159.647			6
2026.06.02	02:57:30.351	159.645	159.646			6
2026.06.02	02:57:30.952	159.644	159.645			6
2026.06.02	02:57:47.485	159.645	159.646			6
2026.06.02	02:57:55.898	159.644	159.645			6
2026.06.02	02:58:00.111	159.644				2
2026.06.02	02:58:01.321	159.645	159.646			6
2026.06.02	02:58:10.641	159.644	159.645			6
2026.06.02	02:58:11.547	159.645	159.646			6
2026.06.02	02:58:12.143	159.644	159.645			6
2026.06.02	02:58:19.671	159.645	159.646			6
2026.06.02	02:58:21.468	159.644	159.645			6
2026.06.02	02:58:41.902	159.645	159.646			6
2026.06.02	02:58:47.011	159.644	159.645			6
2026.06.02	02:58:51.217	159.643	159.644			6
2026.06.02	02:58:54.224	159.642	159.643			6
2026.06.02	02:58:58.141	159.643	159.644			6
2026.06.02	02:58:58.442	159.644	159.645			6
2026.06.02	02:59:00.237	159.644				2
2026.06.02	02:59:11.378	159.645	159.646			6
2026.06.02	02:59:20.086	159.646	159.647			6
2026.06.02	02:59:22.492	159.645	159.646			6
2026.06.02	02:59:23.395	159.646	159.647			6
2026.06.02	02:59:27.300	159.647	159.648			6
2026.06.02	02:59:27.609	159.646	159.647			6
2026.06.02	02:59:29.105	159.647	159.648			6
2026.06.02	02:59:29.407	159.648	159.649			6
2026.06.02	02:59:29.706	159.647	159.648			6
2026.06.02	02:59:35.122	159.646	159.647			6
2026.06.02	02:59:35.729	159.647	159.648			6
2026.06.02	02:59:39.933	159.649	159.650			6
2026.06.02	02:59:40.233	159.650	159.651			6
2026.06.02	02:59:44.443	159.647	159.648			6
2026.06.02	02:59:45.645	159.646	159.647			6
2026.06.02	02:59:51.367	159.647	159.648			6
2026.06.02	02:59:51.660	159.646	159.647			6
2026.06.02	02:59:57.067	159.647	159.648			6
2026.06.02	02:59:58.566	159.646	159.647			6
2026.06.02	03:00:00.069	159.646				2
2026.06.02	03:00:00.379	159.645	159.646			6
2026.06.02	03:00:00.680	159.642	159.643			6
2026.06.02	03:00:00.971	159.644	159.645			6
2026.06.02	03:00:01.880	159.645	159.646			6
2026.06.02	03:00:02.773	159.646	159.647			6
2026.06.02	03:00:04.281	159.647	159.648			6
2026.06.02	03:00:04.583	159.646	159.647			6
2026.06.02	03:00:05.181	159.647	159.648			6
2026.06.02	03:00:05.776	159.645	159.646			6
2026.06.02	03:00:06.377	159.646	159.647			6
2026.06.02	03:00:06.681	159.645	159.646			6
2026.06.02	03:00:07.286	159.644	159.645			6
2026.06.02	03:00:07.587	159.645	159.646			6
2026.06.02	03:00:12.089	159.646	159.647			6
2026.06.02	03:00:12.987	159.645	159.646			6
2026.06.02	03:00:14.489	159.644	159.645			6
2026.06.02	03:00:15.396	159.645	159.646			6
2026.06.02	03:00:16.299	159.644	159.645			6
2026.06.02	03:00:16.595	159.645	159.646			6
2026.06.02	03:00:17.202	159.646	159.647			6
2026.06.02	03:00:18.394	159.645	159.646			6
2026.06.02	03:00:19.005	159.646	159.647			6
2026.06.02	03:00:19.896	159.645	159.646			6
2026.06.02	03:00:20.505	159.644	159.645			6
2026.06.02	03:00:21.399	159.645	159.646			6
2026.06.02	03:00:22.600	159.646	159.647			6
2026.06.02	03:00:24.402	159.645	159.646			6
2026.06.02	03:00:25.008	159.646	159.647			6
2026.06.02	03:00:27.709	159.645	159.646			6
2026.06.02	03:00:32.825	159.646	159.647			6
2026.06.02	03:00:36.424	159.645	159.646			6
2026.06.02	03:00:36.727	159.643	159.644			6
2026.06.02	03:00:37.333	159.644	159.645			6
2026.06.02	03:00:39.730	159.645	159.646			6
2026.06.02	03:00:40.035	159.644	159.645			6
2026.06.02	03:00:40.333	159.643	159.644			6
2026.06.02	03:00:41.838	159.644	159.645			6
2026.06.02	03:00:42.141	159.645	159.646			6
2026.06.02	03:00:43.335	159.644	159.645			6
2026.06.02	03:00:43.638	159.645	159.646			6
2026.06.02	03:00:43.933	159.644	159.645			6
2026.06.02	03:00:44.835	159.645	159.646			6
2026.06.02	03:00:45.434	159.644	159.645			6
2026.06.02	03:00:47.852	159.647	159.648			6
2026.06.02	03:00:48.143	159.648	159.649			6
2026.06.02	03:00:48.747	159.655	159.656			6
2026.06.02	03:00:49.040		159.657			4
2026.06.02	03:00:49.340	159.652				2
2026.06.02	03:00:49.956		159.656			4
2026.06.02	03:00:50.254	159.653	159.657			6
2026.06.02	03:00:50.553		159.658			4
2026.06.02	03:00:50.856		159.657			4
2026.06.02	03:00:53.860		159.658			4
2026.06.02	03:00:54.462		159.657			4
2026.06.02	03:00:59.082		159.656			4
2026.06.02	03:00:59.383		159.657			4
2026.06.02	03:01:00.284	159.654				2
2026.06.02	03:01:00.585	159.653				2
2026.06.02	03:01:00.884		159.656			4
2026.06.02	03:01:01.785	159.655	159.658			6
2026.06.02	03:01:02.085		159.659			4
2026.06.02	03:01:11.601	159.656	159.660			6
2026.06.02	03:01:13.399	159.655	159.659			6
2026.06.02	03:01:14.689		159.658			4
2026.06.02	03:01:15.590		159.659			4
2026.06.02	03:01:15.891	159.654	159.658			6
2026.06.02	03:01:17.907	159.653	159.657			6
2026.06.02	03:01:20.313	159.654				2
2026.06.02	03:01:20.815		159.656			4
2026.06.02	03:01:21.115	159.646	159.647			6
2026.06.02	03:01:21.417	159.645				2
2026.06.02	03:01:25.727		159.648			4
2026.06.02	03:01:28.131	159.644				2
2026.06.02	03:01:29.748	159.645				2
2026.06.02	03:01:31.249	159.644				2
2026.06.02	03:01:31.850	159.645	159.649			6
2026.06.02	03:01:34.376	159.644				2
2026.06.02	03:01:37.862	159.645				2
2026.06.02	03:01:38.464	159.644				2
2026.06.02	03:01:39.557	159.645				2
2026.06.02	03:01:41.400	159.646				2
2026.06.02	03:01:41.700	159.645				2
2026.06.02	03:01:42.300	159.644	159.648			6
2026.06.02	03:01:42.600		159.649			4
2026.06.02	03:01:42.902		159.647			4
2026.06.02	03:01:43.502		159.648			4
2026.06.02	03:01:47.093	159.643	159.647			6
2026.06.02	03:01:48.049	159.644				2
2026.06.02	03:01:50.572		159.649			4
2026.06.02	03:01:51.171		159.648			4
2026.06.02	03:01:51.471	159.643	159.646			6
2026.06.02	03:01:51.772	159.642				2
2026.06.02	03:01:52.441	159.643				2
2026.06.02	03:01:53.042		159.647			4
2026.06.02	03:01:54.249	159.642				2
2026.06.02	03:01:59.495	159.643				2
2026.06.02	03:02:00.096	159.642				2
2026.06.02	03:02:05.472		159.646			4
2026.06.02	03:02:05.771		159.647			4
2026.06.02	03:02:08.370	159.643				2
2026.06.02	03:02:12.716		159.648			4
2026.06.02	03:02:18.114	159.642	159.647			6
2026.06.02	03:02:23.760	159.643	159.648			6
2026.06.02	03:02:25.607		159.647			4
2026.06.02	03:02:25.908		159.648			4
2026.06.02	03:02:26.207		159.647			4
