<DATE>	<TIME>	<BID>	<ASK>	<LAST>	<VOLUME>	<FLAGS>
2026.02.17	00:03:31.334	153.370	153.487			6
2026.02.17	00:03:45.322	153.401	153.543			6
2026.02.17	00:03:45.947		153.539			4
2026.02.17	00:03:48.456		153.534			4
2026.02.17	00:03:50.634	153.399				2
2026.02.17	00:03:53.431		153.529			4
2026.02.17	00:03:54.672	153.402				2
2026.02.17	00:04:00.252	153.402				2
2026.02.17	00:04:53.676		153.529			4
2026.02.17	00:05:00.135	153.402				2
2026.02.17	00:05:00.446		153.528			4
2026.02.17	00:05:01.689	153.400				2
2026.02.17	00:05:03.853	153.399				2
2026.02.17	00:05:08.477		153.532			4
2026.02.17	00:05:15.850	153.403				2
2026.02.17	00:05:18.308		153.537			4
2026.02.17	00:05:33.384		153.542			4
2026.02.17	00:06:00.145	153.403				2
2026.02.17	00:06:18.371		153.537			4
2026.02.17	00:06:22.979	153.402				2
2026.02.17	00:06:23.289		153.532			4
2026.02.17	00:06:24.823	153.400				2
2026.02.17	00:06:28.196		153.528			4
2026.02.17	00:07:00.008	153.400				2
2026.02.17	00:07:03.410		153.532			4
2026.02.17	00:07:23.200		153.537			4
2026.02.17	00:07:40.208		153.536			4
2026.02.17	00:07:46.093		153.537			4
2026.02.17	00:08:00.304	153.400				2
2026.02.17	00:08:07.101		153.538			4
2026.02.17	00:08:44.127		153.537			4
2026.02.17	00:08:52.452		153.538			4
2026.02.17	00:08:52.766		153.536			4
2026.02.17	00:09:00.150	153.400				2
2026.02.17	00:09:07.558		153.537			4
2026.02.17	00:09:22.638		153.538			4
2026.02.17	00:09:24.485		153.539			4
2026.02.17	00:10:00.185	153.400				2
2026.02.17	00:10:01.435		153.538			4
2026.02.17	00:10:11.330	153.397				2
2026.02.17	00:10:11.642	153.398	153.539			6
2026.02.17	00:11:00.184	153.398				2
2026.02.17	00:11:01.118	153.399	153.540			6
2026.02.17	00:11:06.374	153.400				2
2026.02.17	00:11:09.777	153.399				2
2026.02.17	00:11:10.706	153.400				2
2026.02.17	00:11:21.825	153.399				2
2026.02.17	00:11:23.063	153.400				2
2026.02.17	00:11:28.021	153.399				2
2026.02.17	00:11:28.964	153.400				2
2026.02.17	00:11:34.533	153.399				2
2026.02.17	00:11:35.465	153.400				2
2026.02.17	00:11:53.694		153.539			4
2026.02.17	00:12:00.185	153.400				2
2026.02.17	00:12:04.511		153.540			4
2026.02.17	00:12:06.363		153.534			4
2026.02.17	00:12:06.980		153.535			4
2026.02.17	00:12:22.185	153.446	153.532			6
2026.02.17	00:12:22.493		153.529			4
2026.02.17	00:12:23.107	153.474				2
2026.02.17	00:12:23.412		153.524			4
2026.02.17	00:12:24.324	153.488	153.517			6
2026.02.17	00:12:25.246	153.491				2
2026.02.17	00:12:26.164	153.492				2
2026.02.17	00:12:29.225		153.516			4
2026.02.17	00:12:33.836		153.517			4
2026.02.17	00:12:36.603	153.463				2
2026.02.17	00:12:47.619		153.516			4
2026.02.17	00:12:48.841		153.517			4
2026.02.17	00:12:50.966		153.518			4
2026.02.17	00:12:51.268		153.517			4
2026.02.17	00:12:53.102		153.514			4
2026.02.17	00:12:59.828	153.492				2
2026.02.17	00:13:00.131	153.492				2
2026.02.17	00:13:00.438		153.515			4
2026.02.17	00:13:05.058	153.491				2
2026.02.17	00:13:06.592	153.477				2
2026.02.17	00:13:07.201	153.491				2
2026.02.17	00:13:31.078	153.463				2
2026.02.17	00:13:41.194	153.451				2
2026.02.17	00:13:41.799	153.462				2
2026.02.17	00:13:47.951		153.516			4
2026.02.17	00:13:48.255		153.517			4
2026.02.17	00:14:00.240	153.462				2
2026.02.17	00:14:04.853	153.491				2
2026.02.17	00:14:11.926		153.518			4
2026.02.17	00:14:18.456	153.452				2
2026.02.17	00:14:19.072	153.491				2
2026.02.17	00:14:32.967	153.452				2
2026.02.17	00:14:33.893	153.491				2
2026.02.17	00:14:36.046	153.462				2
2026.02.17	00:14:41.594		153.519			4
2026.02.17	00:15:00.181	153.463	153.522			6
2026.02.17	00:15:00.486		153.519			4
2026.02.17	00:15:15.376	153.462				2
2026.02.17	00:15:18.765	153.491				2
2026.02.17	00:15:49.619	153.462				2
2026.02.17	00:16:00.120	153.462				2
2026.02.17	00:16:00.746		153.519			4
2026.02.17	00:16:06.296		153.513			4
2026.02.17	00:16:06.603		153.520			4
2026.02.17	00:16:09.697	153.490				2
2026.02.17	00:16:10.314		153.519			4
2026.02.17	00:16:22.982		153.520			4
2026.02.17	00:16:23.292	153.489				2
2026.02.17	00:16:40.558	153.462				2
2026.02.17	00:16:52.606		153.522			4
2026.02.17	00:17:00.054	153.462				2
2026.02.17	00:17:07.162		153.521			4
2026.02.17	00:17:14.297	153.489				2
2026.02.17	00:17:23.293		153.522			4
2026.02.17	00:17:27.014		153.524			4
2026.02.17	00:17:28.878		153.523			4
2026.02.17	00:17:45.273	153.468				2
2026.02.17	00:17:52.704		153.522			4
2026.02.17	00:17:53.017	153.462	153.524			6
2026.02.17	00:17:55.497	153.477				2
2026.02.17	00:17:56.428		153.525			4
2026.02.17	00:18:00.136	153.477				2
2026.02.17	00:18:00.440	153.476				2
2026.02.17	00:18:03.213		153.526			4
2026.02.17	00:18:08.778		153.524			4
2026.02.17	00:18:14.384	153.489				2
2026.02.17	00:18:44.997	153.464				2
2026.02.17	00:18:57.966		153.525			4
2026.02.17	00:18:58.267		153.524			4
2026.02.17	00:19:00.130	153.464				2
2026.02.17	00:19:02.289	153.474	153.526			6
2026.02.17	00:19:02.596	153.476	153.525			6
2026.02.17	00:19:07.846		153.526			4
2026.02.17	00:19:17.424	153.463	153.524			6
2026.02.17	00:19:31.000	153.490				2
2026.02.17	00:19:48.894		153.525			4
2026.02.17	00:20:00.021	153.490				2
2026.02.17	00:20:00.328		153.540			4
2026.02.17	00:20:01.563	153.463				2
2026.02.17	00:20:54.681	153.489				2
2026.02.17	00:21:00.235	153.489				2
2026.02.17	00:21:00.544		153.540			4
2026.02.17	00:21:25.567	153.463				2
2026.02.17	00:22:00.145	153.463				2
2026.02.17	00:22:00.765		153.540			4
2026.02.17	00:22:14.624	153.489				2
2026.02.17	00:22:45.245	153.461				2
2026.02.17	00:22:49.252	153.489				2
2026.02.17	00:23:00.043	153.489				2
2026.02.17	00:23:00.969		153.540			4
2026.02.17	00:23:20.418	153.461				2
2026.02.17	00:23:51.280		153.539			4
2026.02.17	00:23:58.706	153.489				2
2026.02.17	00:24:00.250	153.489				2
2026.02.17	00:24:28.994	153.461				2
2026.02.17	00:24:51.576		153.539			4
2026.02.17	00:25:00.209	153.461				2
2026.02.17	00:25:13.867	153.489				2
2026.02.17	00:25:32.783	153.491				2
2026.02.17	00:25:51.616		153.539			4
2026.02.17	00:25:52.540		153.540			4
2026.02.17	00:26:00.279	153.491				2
2026.02.17	00:26:00.582	153.452				2
2026.02.17	00:26:01.203	153.491				2
2026.02.17	00:26:45.412		153.539			4
2026.02.17	00:26:48.803		153.533			4
2026.02.17	00:27:00.193	153.491				2
2026.02.17	00:27:11.944		153.539			4
2026.02.17	00:27:28.645		153.538			4
2026.02.17	00:27:33.586		153.537			4
2026.02.17	00:27:46.212		153.536			4
2026.02.17	00:27:52.985		153.539			4
2026.02.17	00:28:00.084	153.491				2
2026.02.17	00:28:00.399	153.463				2
2026.02.17	00:28:01.330	153.491				2
2026.02.17	00:28:20.468		153.538			4
2026.02.17	00:28:39.904		153.539			4
2026.02.17	00:28:55.335	153.484	153.533			6
2026.02.17	00:28:56.259	153.490	153.538			6
2026.02.17	00:29:00.266	153.490				2
2026.02.17	00:29:02.742	153.488	153.528			6
2026.02.17	00:29:20.367		153.527			4
2026.02.17	00:30:00.196	153.488				2
2026.02.17	00:30:00.501	153.462				2
2026.02.17	00:30:01.438	153.488				2
2026.02.17	00:30:03.609		153.530			4
2026.02.17	00:30:03.917		153.529			4
2026.02.17	00:30:04.227		153.530			4
2026.02.17	00:30:06.076		153.529			4
2026.02.17	00:30:07.927		153.530			4
2026.02.17	00:30:15.054		153.528			4
2026.02.17	00:30:56.720		153.529			4
2026.02.17	00:31:00.108	153.488	153.528			6
2026.02.17	00:31:20.049		153.529			4
2026.02.17	00:31:23.428		153.528			4
2026.02.17	00:31:24.661		153.529			4
2026.02.17	00:31:28.354		153.528			4
2026.02.17	00:31:35.127		153.529			4
2026.02.17	00:31:50.223		153.528			4
2026.02.17	00:32:00.077	153.488				2
2026.02.17	00:32:00.690	153.466				2
2026.02.17	00:32:01.001	153.468				2
2026.02.17	00:32:01.308	153.488				2
2026.02.17	00:32:31.842		153.530			4
2026.02.17	00:32:32.461		153.529			4
2026.02.17	00:32:53.128		153.530			4
2026.02.17	00:32:58.393		153.529			4
2026.02.17	00:33:00.249	153.488	153.530			6
2026.02.17	00:33:03.339		153.529			4
2026.02.17	00:33:03.646		153.530			4
2026.02.17	00:33:18.496		153.531			4
2026.02.17	00:33:22.814		153.529			4
2026.02.17	00:33:57.713		153.528			4
2026.02.17	00:33:59.872		153.529			4
2026.02.17	00:34:00.177	153.488				2
2026.02.17	00:34:00.489	153.465				2
2026.02.17	00:34:01.419	153.488				2
2026.02.17	00:34:02.344		153.530			4
2026.02.17	00:34:15.350		153.531			4
2026.02.17	00:34:23.714		153.530			4
2026.02.17	00:34:31.460		153.529			4
2026.02.17	00:34:35.175		153.530			4
2026.02.17	00:34:42.583		153.531			4
2026.02.17	00:34:46.293		153.530			4
2026.02.17	00:34:55.859		153.531			4
2026.02.17	00:35:00.186	153.488	153.530			6
2026.02.17	00:35:06.045		153.531			4
2026.02.17	00:35:09.452		153.530			4
2026.02.17	00:35:20.871		153.531			4
2026.02.17	00:35:21.494		153.530			4
2026.02.17	00:35:23.028		153.531			4
2026.02.17	00:35:50.809		153.530			4
2026.02.17	00:35:56.975		153.529			4
2026.02.17	00:36:00.048	153.488				2
2026.02.17	00:36:00.666		153.531			4
2026.02.17	00:37:00.132	153.488				2
2026.02.17	00:37:00.750		153.531			4
2026.02.17	00:37:34.816	153.491				2
2026.02.17	00:37:35.122	153.477	153.537			6
2026.02.17	00:37:35.746	153.493				2
2026.02.17	00:37:36.051	153.494				2
2026.02.17	00:37:36.993	153.495				2
2026.02.17	00:38:00.204	153.495				2
2026.02.17	00:38:15.662	153.496				2
2026.02.17	00:38:35.122		153.538			4
2026.02.17	00:39:00.185	153.496				2
2026.02.17	00:39:24.315		153.542			4
2026.02.17	00:39:24.942		153.541			4
2026.02.17	00:39:58.744	153.487				2
2026.02.17	00:39:59.053	153.494				2
2026.02.17	00:39:59.980	153.495				2
2026.02.17	00:40:00.289	153.495				2
2026.02.17	00:40:01.215	153.496				2
2026.02.17	00:40:02.142	153.497				2
2026.02.17	00:40:09.243	153.491	153.543			6
2026.02.17	00:40:10.173	153.495				2
2026.02.17	00:40:11.099	153.496				2
2026.02.17	00:40:12.029	153.497				2
2026.02.17	00:40:15.114	153.487	153.524			6
2026.02.17	00:40:15.422		153.522			4
2026.02.17	00:40:17.583		153.524			4
2026.02.17	00:40:19.125		153.525			4
2026.02.17	00:40:27.487	153.510	153.524			6
2026.02.17	00:40:31.851	153.512	153.542			6
2026.02.17	00:41:00.033	153.512				2
2026.02.17	00:41:10.328		153.541			4
2026.02.17	00:41:24.558		153.545			4
2026.02.17	00:42:00.103	153.512				2
2026.02.17	00:42:06.967		153.544			4
2026.02.17	00:42:11.022		153.546			4
2026.02.17	00:42:38.384		153.547			4
2026.02.17	00:42:50.189		153.546			4
2026.02.17	00:42:51.419	153.516	153.545			6
2026.02.17	00:42:56.065	153.517	153.547			6
2026.02.17	00:42:57.300	153.518				2
2026.02.17	00:43:00.085	153.518				2
2026.02.17	00:43:00.403		153.546			4
2026.02.17	00:43:06.291		153.545			4
2026.02.17	00:43:11.240		153.547			4
2026.02.17	00:43:21.452	153.517	153.545			6
2026.02.17	00:43:37.561		153.544			4
2026.02.17	00:43:37.862	153.511	153.545			6
2026.02.17	00:43:51.467		153.544			4
2026.02.17	00:43:52.711		153.545			4
2026.02.17	00:44:00.124	153.511				2
2026.02.17	00:44:02.594		153.544			4
2026.02.17	00:44:07.854		153.545			4
2026.02.17	00:44:17.813		153.544			4
2026.02.17	00:44:22.745		153.546			4
2026.02.17	00:44:32.651		153.544			4
2026.02.17	00:44:51.600		153.545			4
2026.02.17	00:44:58.091	153.499	153.541			6
2026.02.17	00:45:00.252	153.499				2
2026.02.17	00:45:03.035	153.493	153.559			6
2026.02.17	00:45:04.274	153.492	153.558			6
2026.02.17	00:45:06.451	153.498	153.539			6
2026.02.17	00:45:06.759	153.499	153.540			6
2026.02.17	00:45:16.828		153.541			4
2026.02.17	00:45:29.438	153.506	153.542			6
2026.02.17	00:45:30.314	153.509				2
2026.02.17	00:45:39.417		153.543			4
2026.02.17	00:45:52.862		153.544			4
2026.02.17	00:46:00.119	153.509				2
2026.02.17	00:46:01.769	153.511				2
2026.02.17	00:46:02.979		153.543			4
2026.02.17	00:46:50.475		153.542			4
2026.02.17	00:47:00.474	153.511				2
2026.02.17	00:47:03.157	153.489	153.555			6
2026.02.17	00:47:06.562	153.511	153.543			6
2026.02.17	00:47:20.315		153.542			4
2026.02.17	00:47:28.729	153.490	153.556			6
2026.02.17	00:47:29.645	153.511	153.542			6
2026.02.17	00:48:00.420	153.511				2
2026.02.17	00:48:03.720	153.506				2
2026.02.17	00:48:30.063		153.542			4
2026.02.17	00:48:50.474		153.541			4
2026.02.17	00:49:00.477	153.506				2
2026.02.17	00:49:01.768	153.512				2
2026.02.17	00:49:29.218		153.546			4
2026.02.17	00:49:42.679		153.541			4
2026.02.17	00:49:52.862		153.542			4
2026.02.17	00:50:01.620	153.512				2
2026.02.17	00:50:52.865		153.544			4
2026.02.17	00:51:00.417	153.512				2
2026.02.17	00:51:02.267	153.505				2
2026.02.17	00:51:03.265	153.507	153.542			6
2026.02.17	00:51:04.267	153.505				2
2026.02.17	00:51:18.075	153.508				2
2026.02.17	00:51:55.176		153.541			4
2026.02.17	00:52:03.420	153.508				2
2026.02.17	00:52:04.944	153.502	153.542			6
2026.02.17	00:52:16.900	153.505				2
2026.02.17	00:52:26.207	153.508				2
2026.02.17	00:52:37.864		153.543			4
2026.02.17	00:52:48.157		153.542			4
2026.02.17	00:52:52.865		153.543			4
2026.02.17	00:52:57.312	153.504				2
2026.02.17	00:52:59.538		153.542			4
2026.02.17	00:53:01.768	153.508				2
2026.02.17	00:53:02.974		153.543			4
2026.02.17	00:53:45.100		153.542			4
2026.02.17	00:53:52.789		153.544			4
2026.02.17	00:54:00.077	153.508				2
2026.02.17	00:54:01.769	153.503				2
2026.02.17	00:54:03.028	153.501				2
2026.02.17	00:54:07.867	153.503				2
2026.02.17	00:54:18.122	153.501	153.543			6
2026.02.17	00:54:22.867	153.503	153.544			6
2026.02.17	00:54:33.055	153.501				2
2026.02.17	00:55:00.476	153.501				2
2026.02.17	00:55:04.963	153.500	153.543			6
2026.02.17	00:56:02.518	153.500				2
2026.02.17	00:56:05.518		153.543			4
2026.02.17	00:56:06.397	153.502	153.542			6
2026.02.17	00:56:23.645		153.541			4
2026.02.17	00:57:01.767	153.508				2
2026.02.17	00:57:26.510		153.541			4
2026.02.17	00:58:00.118	153.508				2
2026.02.17	00:58:01.070	153.503				2
2026.02.17	00:58:01.821	153.512				2
2026.02.17	00:58:27.228		153.541			4
2026.02.17	00:59:01.178	153.512				2
2026.02.17	00:59:17.113		153.542			4
2026.02.17	00:59:30.693		153.543			4
2026.02.17	00:59:32.115		153.542			4
2026.02.17	00:59:32.770		153.543			4
2026.02.17	00:59:36.009		153.544			4
2026.02.17	00:59:38.058		153.542			4
2026.02.17	00:59:41.220		153.543			4
2026.02.17	01:00:00.305	153.519	153.524			6
2026.02.17	01:00:00.772	153.517	153.543			6
2026.02.17	01:00:01.116		153.544			4
2026.02.17	01:00:01.460	153.519	153.541			6
2026.02.17	01:00:01.883	153.520				2
2026.02.17	01:00:02.345		153.542			4
2026.02.17	01:00:03.735	153.498	153.546			6
2026.02.17	01:00:05.884	153.497	153.545			6
2026.02.17	01:00:06.804	153.498	153.546			6
2026.02.17	01:00:07.105	153.521	153.541			6
2026.02.17	01:00:07.430		153.542			4
2026.02.17	01:00:09.790	153.519				2
2026.02.17	01:00:21.417		153.541			4
2026.02.17	01:00:30.620	153.510				2
2026.02.17	01:00:32.522		153.542			4
2026.02.17	01:00:34.623		153.541			4
2026.02.17	01:00:46.322	153.502				2
2026.02.17	01:00:47.074	153.510				2
2026.02.17	01:00:48.209	153.502				2
2026.02.17	01:00:56.221		153.540			4
2026.02.17	01:00:56.579	153.503				2
2026.02.17	01:00:57.451	153.521				2
2026.02.17	01:00:58.319		153.541			4
2026.02.17	01:01:00.308	153.521	153.540			6
2026.02.17	01:01:02.965		153.522			4
2026.02.17	01:01:04.191	153.520	153.521			6
2026.02.17	01:01:05.721	153.521	153.522			6
2026.02.17	01:01:08.180	153.520	153.521			6
2026.02.17	01:01:09.699	153.521	153.522			6
2026.02.17	01:01:20.406	153.522	153.523			6
2026.02.17	01:01:20.713	153.523	153.524			6
2026.02.17	01:01:26.251	153.522	153.523			6
2026.02.17	01:01:26.866	153.523	153.524			6
2026.02.17	01:01:29.615	153.524	153.525			6
2026.02.17	01:01:31.776	153.522	153.523			6
2026.02.17	01:02:00.027	153.522				2
2026.02.17	01:02:00.944	153.523	153.524			6
2026.02.17	01:02:02.492	153.531	153.532			6
2026.02.17	01:02:08.660	153.530	153.531			6
2026.02.17	01:02:08.968	153.531	153.532			6
2026.02.17	01:02:12.335	153.532	153.533			6
2026.02.17	01:02:13.260	153.531	153.532			6
2026.02.17	01:02:13.868	153.532	153.533			6
2026.02.17	01:02:21.564	153.533	153.534			6
2026.02.17	01:02:22.180	153.532	153.533			6
2026.02.17	01:02:36.908	153.533	153.534			6
2026.02.17	01:02:43.650	153.532	153.533			6
2026.02.17	01:02:44.568	153.533	153.534			6
2026.02.17	01:02:47.326	153.534	153.535			6
2026.02.17	01:02:56.539	153.529	153.534			6
2026.02.17	01:02:56.843	153.528	153.533			6
2026.02.17	01:02:57.153		153.534			4
2026.02.17	01:02:57.456	153.533				2
2026.02.17	01:03:00.205	153.530	153.531			6
2026.02.17	01:03:01.417	153.528	153.529			6
2026.02.17	01:03:03.255	153.527	153.528			6
2026.02.17	01:03:03.560	153.522				2
2026.02.17	01:03:03.873		153.529			4
2026.02.17	01:03:04.178	153.526	153.533			6
2026.02.17	01:03:04.482	153.527	153.534			6
2026.02.17	01:03:04.792	153.528	153.529			6
2026.02.17	01:03:06.319	153.527	153.528			6
2026.02.17	01:03:08.158	153.528	153.529			6
2026.02.17	01:03:14.292	153.529	153.530			6
2026.02.17	01:03:28.396	153.531	153.532			6
2026.02.17	01:03:39.436	153.530	153.531			6
2026.02.17	01:03:47.110	153.532	153.533			6
2026.02.17	01:03:50.194	153.533	153.534			6
2026.02.17	01:03:51.112	153.534	153.535			6
2026.02.17	01:03:52.650	153.532	153.533			6
2026.02.17	01:03:52.974	153.534	153.535			6
2026.02.17	01:03:54.823	153.533	153.534			6
2026.02.17	01:03:55.750	153.534	153.535			6
2026.02.17	01:03:56.062	153.535	153.536			6
2026.02.17	01:03:57.301	153.534	153.535			6
2026.02.17	01:04:00.042	153.534				2
2026.02.17	01:04:08.315	153.535	153.536			6
2026.02.17	01:04:10.138	153.533	153.534			6
2026.02.17	01:04:14.720	153.531	153.535			6
2026.02.17	01:04:15.354	153.532	153.537			6
2026.02.17	01:04:15.978	153.536				2
2026.02.17	01:04:17.509	153.535	153.536			6
2026.02.17	01:04:18.115	153.536	153.537			6
2026.02.17	01:04:21.197	153.535	153.536			6
2026.02.17	01:04:26.415	153.536	153.537			6
2026.02.17	01:04:29.166	153.535	153.536			6
2026.02.17	01:04:31.320	153.534	153.535			6
2026.02.17	01:04:32.871	153.536	153.537			6
2026.02.17	01:04:33.176	153.537	153.538			6
2026.02.17	01:04:36.244	153.538	153.539			6
2026.02.17	01:04:37.777	153.537	153.538			6
2026.02.17	01:04:41.467	153.538	153.539			6
2026.02.17	01:04:47.597	153.539	153.540			6
2026.02.17	01:04:47.900	153.538	153.539			6
2026.02.17	01:04:49.429	153.536	153.537			6
2026.02.17	01:04:50.045	153.537	153.538			6
2026.02.17	01:04:50.667	153.536	153.537			6
2026.02.17	01:04:52.822	153.537	153.538			6
2026.02.17	01:04:54.668	153.538	153.539			6
2026.02.17	01:04:55.897	153.539	153.540			6
2026.02.17	01:05:00.201	153.539				2
2026.02.17	01:05:15.561	153.542	153.543			6
2026.02.17	01:05:16.795	153.540	153.541			6
2026.02.17	01:05:18.622	153.539	153.540			6
2026.02.17	01:05:24.468	153.540	153.541			6
2026.02.17	01:05:26.628	153.542	153.543			6
2026.02.17	01:05:27.241	153.543	153.544			6
2026.02.17	01:05:27.859	153.541	153.542			6
2026.02.17	01:05:36.751	153.540	153.541			6
2026.02.17	01:05:39.796	153.541	153.542			6
2026.02.17	01:05:52.243	153.540	153.541			6
2026.02.17	01:05:52.863	153.541	153.542			6
2026.02.17	01:05:53.186	153.542	153.543			6
2026.02.17	01:05:55.702	153.544	153.545			6
2026.02.17	01:06:00.032	153.544				2
2026.02.17	01:06:01.280	153.543	153.544			6
2026.02.17	01:06:02.520	153.542	153.543			6
2026.02.17	01:06:09.687	153.544	153.545			6
2026.02.17	01:06:10.620	153.543	153.544			6
2026.02.17	01:06:10.936	153.544	153.545			6
2026.02.17	01:06:11.878	153.543	153.544			6
2026.02.17	01:06:14.363	153.542	153.543			6
2026.02.17	01:06:15.298	153.541	153.542			6
2026.02.17	01:06:15.612	153.542	153.543			6
2026.02.17	01:06:17.178	153.543	153.544			6
2026.02.17	01:06:22.413	153.546	153.547			6
2026.02.17	01:06:27.057	153.545	153.546			6
2026.02.17	01:06:27.694	153.546	153.547			6
2026.02.17	01:06:27.999	153.544	153.545			6
2026.02.17	01:06:30.488	153.545	153.546			6
2026.02.17	01:06:32.979	153.547	153.548			6
2026.02.17	01:06:34.214	153.546	153.547			6
2026.02.17	01:06:40.726	153.547	153.548			6
2026.02.17	01:06:43.215	153.567	153.568			6
2026.02.17	01:06:43.536	153.590	153.591			6
2026.02.17	01:06:43.840	153.591	153.592			6
2026.02.17	01:06:44.141		153.596			4
2026.02.17	01:06:44.457		153.597			4
2026.02.17	01:06:44.759	153.589	153.598			6
2026.02.17	01:06:45.386	153.592	153.600			6
2026.02.17	01:06:46.917	153.591				2
2026.02.17	01:06:47.573	153.592				2
2026.02.17	01:06:47.890	153.595				2
2026.02.17	01:06:54.459	153.594				2
2026.02.17	01:06:58.212		153.601			4
2026.02.17	01:07:00.095	153.594				2
2026.02.17	01:07:03.503	153.591	153.600			6
2026.02.17	01:07:04.128		153.612			4
2026.02.17	01:07:05.994	153.588				2
2026.02.17	01:07:06.928		153.595			4
2026.02.17	01:07:07.558		153.596			4
2026.02.17	01:07:08.189	153.587	153.592			6
2026.02.17	01:07:09.124		153.589			4
2026.02.17	01:07:10.054		153.590			4
2026.02.17	01:07:10.680	153.586	153.589			6
2026.02.17	01:07:11.001		153.588			4
2026.02.17	01:07:11.303		153.589			4
2026.02.17	01:07:12.871	153.585				2
2026.02.17	01:07:14.117		153.588			4
2026.02.17	01:07:15.054	153.586	153.594			6
2026.02.17	01:07:15.989		153.589			4
2026.02.17	01:07:17.869		153.588			4
2026.02.17	01:07:18.493		153.589			4
2026.02.17	01:07:20.042		153.590			4
2026.02.17	01:07:20.984		153.589			4
2026.02.17	01:07:24.413		153.590			4
2026.02.17	01:07:26.571		153.591			4
2026.02.17	01:07:30.603	153.587				2
2026.02.17	01:07:36.211	153.586				2
2026.02.17	01:07:36.513		153.592			4
2026.02.17	01:07:37.446		153.591			4
2026.02.17	01:07:39.291	153.584	153.590			6
2026.02.17	01:07:39.912	153.581				2
2026.02.17	01:07:40.221	153.580	153.589			6
2026.02.17	01:07:40.533	153.581	153.590			6
2026.02.17	01:07:40.842	153.580	153.589			6
2026.02.17	01:07:46.140	153.579	153.587			6
2026.02.17	01:07:49.893	153.580	153.589			6
2026.02.17	01:07:51.130	153.581				2
2026.02.17	01:07:51.752		153.590			4
2026.02.17	01:07:53.300	153.582	153.591			6
2026.02.17	01:07:53.926	153.583	153.592			6
2026.02.17	01:07:54.236		153.591			4
2026.02.17	01:07:54.545	153.587	153.592			6
2026.02.17	01:07:54.856		153.594			4
2026.02.17	01:07:55.194	153.589				2
2026.02.17	01:07:56.034	153.590				2
2026.02.17	01:07:58.761		153.596			4
2026.02.17	01:07:59.076	153.591	153.597			6
2026.02.17	01:07:59.386	153.592				2
2026.02.17	01:08:00.004	153.593	153.598			6
2026.02.17	01:08:00.307	153.594				2
2026.02.17	01:08:00.931	153.600	153.607			6
2026.02.17	01:08:01.866	153.603				2
2026.02.17	01:08:02.172	153.600	153.608			6
2026.02.17	01:08:02.785	153.605				2
2026.02.17	01:08:03.096		153.609			4
2026.02.17	01:08:04.666	153.603				2
2026.02.17	01:08:04.986	153.604				2
2026.02.17	01:08:05.603		153.611			4
2026.02.17	01:08:06.547	153.602				2
2026.02.17	01:08:07.169	153.605				2
2026.02.17	01:08:09.030	153.604				2
2026.02.17	01:08:09.359	153.605	153.612			6
2026.02.17	01:08:11.234	153.609				2
2026.02.17	01:08:11.855	153.610	153.614			6
2026.02.17	01:08:12.800	153.611	153.615			6
2026.02.17	01:08:16.232	153.608	153.614			6
2026.02.17	01:08:16.541		153.613			4
2026.02.17	01:08:17.478		153.612			4
2026.02.17	01:08:18.098	153.609	153.614			6
2026.02.17	01:08:18.414	153.610				2
2026.02.17	01:08:20.889	153.611				2
2026.02.17	01:08:39.142	153.610				2
2026.02.17	01:08:39.459		153.615			4
2026.02.17	01:08:40.078	153.611				2
2026.02.17	01:08:43.480		153.614			4
2026.02.17	01:08:43.794		153.615			4
2026.02.17	01:08:47.836	153.609				2
2026.02.17	01:08:54.054	153.610	153.616			6
2026.02.17	01:08:59.397	153.613				2
2026.02.17	01:08:59.698	153.614				2
2026.02.17	01:09:00.004	153.614				2
2026.02.17	01:09:00.947	153.628	153.631			6
2026.02.17	01:09:01.253	153.633	153.649			6
2026.02.17	01:09:01.566	153.638	153.639			6
2026.02.17	01:09:01.876	153.640	153.641			6
2026.02.17	01:09:04.649		153.642			4
2026.02.17	01:09:05.588		153.643			4
2026.02.17	01:09:06.214	153.641	153.644			6
2026.02.17	01:09:06.834		153.645			4
2026.02.17	01:09:14.001		153.644			4
2026.02.17	01:09:14.304	153.637	153.641			6
2026.02.17	01:09:14.621		153.640			4
2026.02.17	01:09:14.929	153.632				2
2026.02.17	01:09:15.545	153.634				2
2026.02.17	01:09:15.849	153.632	153.639			6
2026.02.17	01:09:18.624	153.633	153.640			6
2026.02.17	01:09:19.254		153.641			4
2026.02.17	01:09:19.866		153.638			4
2026.02.17	01:09:20.178	153.640	153.641			6
2026.02.17	01:09:20.484	153.639	153.640			6
2026.02.17	01:09:20.786	153.640	153.641			6
2026.02.17	01:09:21.103	153.642	153.643			6
2026.02.17	01:09:21.721	153.641	153.642			6
2026.02.17	01:09:22.637	153.643	153.644			6
2026.02.17	01:09:24.188	153.644	153.645			6
2026.02.17	01:09:24.496	153.640	153.641			6
2026.02.17	01:09:24.802	153.641	153.642			6
2026.02.17	01:09:26.036	153.643	153.644			6
2026.02.17	01:09:27.893	153.642	153.643			6
2026.02.17	01:09:28.196	153.643	153.644			6
2026.02.17	01:09:28.814	153.645	153.646			6
2026.02.17	01:09:30.055	153.646	153.647			6
2026.02.17	01:09:31.296	153.643	153.644			6
2026.02.17	01:09:31.603	153.644	153.645			6
2026.02.17	01:09:31.917	153.643	153.644			6
2026.02.17	01:09:32.537	153.644	153.645			6
2026.02.17	01:09:33.772	153.643	153.644			6
2026.02.17	01:09:34.093	153.647	153.650			6
2026.02.17	01:09:34.397	153.653	153.654			6
2026.02.17	01:09:34.715		153.658			4
2026.02.17	01:09:35.017		153.659			4
2026.02.17	01:09:35.333		153.660			4
2026.02.17	01:09:35.640	153.651	153.661			6
2026.02.17	01:09:35.960		153.659			4
2026.02.17	01:09:36.277		153.671			4
2026.02.17	01:09:37.819	153.654				2
2026.02.17	01:09:38.345		153.655			4
2026.02.17	01:09:38.665		153.656			4
2026.02.17	01:09:39.305		153.657			4
2026.02.17	01:09:40.538	153.651	153.656			6
2026.02.17	01:09:40.854		153.655			4
2026.02.17	01:09:41.801	153.654				2
2026.02.17	01:09:42.427		153.656			4
2026.02.17	01:09:43.045	153.653	153.654			6
2026.02.17	01:09:43.359	153.655	153.656			6
2026.02.17	01:09:43.669	153.656	153.657			6
2026.02.17	01:09:44.939	153.663	153.664			6
2026.02.17	01:09:45.251	153.654	153.678			6
2026.02.17	01:09:45.721	153.664	153.680			6
2026.02.17	01:09:46.305	153.658	153.681			6
2026.02.17	01:09:46.612	153.662	153.663			6
2026.02.17	01:09:46.921		153.668			4
2026.02.17	01:09:47.543	153.659				2
2026.02.17	01:09:47.845	153.658	153.667			6
2026.02.17	01:09:49.694	153.656	153.664			6
2026.02.17	01:09:50.628	153.655				2
2026.02.17	01:09:53.161	153.654	153.663			6
2026.02.17	01:09:53.467		153.662			4
2026.02.17	01:09:54.092		153.663			4
2026.02.17	01:09:56.311	153.656	153.665			6
2026.02.17	01:09:56.621	153.655	153.664			6
2026.02.17	01:09:56.939	153.654	153.663			6
2026.02.17	01:09:57.579		153.662			4
2026.02.17	01:09:58.202		153.663			4
2026.02.17	01:10:00.070	153.654				2
2026.02.17	01:10:02.881		153.662			4
2026.02.17	01:10:03.198		153.661			4
2026.02.17	01:10:03.504		153.662			4
2026.02.17	01:10:03.819		153.661			4
2026.02.17	01:10:04.125		153.662			4
2026.02.17	01:10:05.363		153.661			4
2026.02.17	01:10:06.601	153.651	153.660			6
2026.02.17	01:10:08.754	153.652	153.661			6
2026.02.17	01:10:09.070	153.651	153.660			6
2026.02.17	01:10:12.788	153.652	153.661			6
2026.02.17	01:10:13.734	153.651	153.660			6
2026.02.17	01:10:16.546	153.652	153.661			6
2026.02.17	01:10:20.273	153.651	153.658			6
2026.02.17	01:10:23.387		153.659			4
2026.02.17	01:10:24.627	153.650				2
2026.02.17	01:10:25.558		153.658			4
2026.02.17	01:10:27.742	153.649				2
2026.02.17	01:10:33.044	153.648	153.657			6
2026.02.17	01:10:33.976	153.647	153.656			6
2026.02.17	01:10:37.393	153.649	153.658			6
2026.02.17	01:10:38.318	153.648	153.657			6
2026.02.17	01:10:40.488		153.661			4
2026.02.17	01:10:41.098	153.647	153.660			6
2026.02.17	01:10:41.413	153.648	153.661			6
2026.02.17	01:10:42.353		153.657			4
2026.02.17	01:10:42.971	153.647	153.656			6
2026.02.17	01:10:45.448	153.648	153.657			6
2026.02.17	01:10:45.765	153.647	153.656			6
2026.02.17	01:10:50.721	153.648				2
2026.02.17	01:10:54.452	153.649	153.658			6
2026.02.17	01:10:55.691	153.648	153.657			6
2026.02.17	01:10:57.866	153.649				2
2026.02.17	01:10:58.796		153.658			4
2026.02.17	01:11:00.033	153.649				2
2026.02.17	01:11:00.655		153.657			4
2026.02.17	01:11:02.840		153.658			4
2026.02.17	01:11:04.092		153.657			4
2026.02.17	01:11:05.641		153.658			4
2026.02.17	01:11:07.184		153.657			4
2026.02.17	01:11:07.803	153.648				2
2026.02.17	01:11:16.842	153.649	153.658			6
2026.02.17	01:11:17.465	153.626	153.650			6
2026.02.17	01:11:17.769	153.624	153.649			6
2026.02.17	01:11:19.093	153.623				2
2026.02.17	01:11:19.732	153.632	153.641			6
2026.02.17	01:11:20.942	153.631	153.640			6
2026.02.17	01:11:29.996	153.630	153.639			6
2026.02.17	01:11:34.667	153.631	153.640			6
2026.02.17	01:11:34.982	153.630	153.639			6
2026.02.17	01:11:41.493	153.631	153.640			6
2026.02.17	01:11:43.981		153.639			4
2026.02.17	01:11:44.904		153.640			4
2026.02.17	01:11:45.212	153.629	153.638			6
2026.02.17	01:11:46.150	153.628	153.637			6
2026.02.17	01:11:47.704		153.631			4
2026.02.17	01:11:48.020		153.632			4
2026.02.17	01:11:48.640		153.633			4
2026.02.17	01:11:52.357		153.632			4
2026.02.17	01:11:53.597		153.633			4
2026.02.17	01:11:55.163	153.627				2
2026.02.17	01:11:55.465	153.650	153.655			6
2026.02.17	01:11:55.768	153.651	153.660			6
2026.02.17	01:11:56.711	153.652				2
2026.02.17	01:11:57.014	153.655	153.663			6
2026.02.17	01:11:57.318	153.646	153.647			6
2026.02.17	01:11:57.621	153.637	153.644			6
2026.02.17	01:11:57.923	153.635				2
2026.02.17	01:11:58.543		153.643			4
2026.02.17	01:11:58.845		153.644			4
2026.02.17	01:11:59.160	153.634	153.643			6
2026.02.17	01:12:00.080	153.634				2
2026.02.17	01:12:03.831	153.629	153.638			6
2026.02.17	01:12:05.989		153.634			4
2026.02.17	01:12:06.301	153.630	153.639			6
2026.02.17	01:12:08.490	153.629	153.637			6
2026.02.17	01:12:11.904	153.628				2
2026.02.17	01:12:12.211	153.627	153.635			6
2026.02.17	01:12:13.470	153.631	153.640			6
2026.02.17	01:12:13.778	153.654	153.659			6
2026.02.17	01:12:14.096	153.655	153.663			6
2026.02.17	01:12:14.404	153.654				2
2026.02.17	01:12:14.721	153.644	153.653			6
2026.02.17	01:12:15.027	153.642	153.651			6
2026.02.17	01:12:16.267	153.637	153.646			6
2026.02.17	01:12:16.891	153.636	153.645			6
2026.02.17	01:12:17.832	153.635	153.644			6
2026.02.17	01:12:19.994	153.636	153.645			6
2026.02.17	01:12:20.610	153.637	153.646			6
2026.02.17	01:12:22.468	153.636	153.645			6
2026.02.17	01:12:26.191	153.632	153.641			6
2026.02.17	01:12:27.449	153.630	153.639			6
2026.02.17	01:12:30.282	153.629	153.638			6
2026.02.17	01:12:30.603	153.626	153.635			6
2026.02.17	01:12:31.530	153.625	153.634			6
2026.02.17	01:12:34.020	153.640	153.643			6
2026.02.17	01:12:34.321		153.644			4
2026.02.17	01:12:34.965		153.646			4
2026.02.17	01:12:36.251	153.642	153.651			6
2026.02.17	01:12:37.194	153.644	153.652			6
2026.02.17	01:12:38.130		153.653			4
2026.02.17	01:12:38.437	153.650	153.657			6
2026.02.17	01:12:38.862	153.652				2
2026.02.17	01:12:40.019	153.650				2
2026.02.17	01:12:40.393	153.652				2
2026.02.17	01:12:40.986	153.634	153.643			6
2026.02.17	01:12:44.416	153.630	153.639			6
2026.02.17	01:12:44.720	153.632	153.641			6
2026.02.17	01:12:46.889	153.631	153.640			6
2026.02.17	01:12:48.153	153.632	153.641			6
2026.02.17	01:12:50.654	153.633	153.642			6
2026.02.17	01:12:57.160	153.634	153.643			6
2026.02.17	01:12:59.016		153.642			4
2026.02.17	01:13:00.251	153.634				2
2026.02.17	01:13:03.682	153.635				2
2026.02.17	01:13:06.157		153.643			4
2026.02.17	01:13:06.794		153.644			4
2026.02.17	01:13:07.111		153.643			4
2026.02.17	01:13:07.418	153.638	153.647			6
2026.02.17	01:13:14.884	153.639	153.648			6
2026.02.17	01:13:16.434	153.635	153.647			6
2026.02.17	01:13:16.755	153.633	153.643			6
2026.02.17	01:13:17.063	153.632	153.644			6
2026.02.17	01:13:18.020	153.631	153.643			6
2026.02.17	01:13:18.325	153.634				2
2026.02.17	01:13:21.769	153.635	153.644			6
2026.02.17	01:13:22.076	153.648	153.654			6
2026.02.17	01:13:22.398		153.655			4
2026.02.17	01:13:22.702	153.649				2
2026.02.17	01:13:23.338		153.658			4
2026.02.17	01:13:24.202	153.650				2
2026.02.17	01:13:27.293	153.637	153.646			6
2026.02.17	01:13:28.222	153.640	153.647			6
2026.02.17	01:13:30.397		153.646			4
2026.02.17	01:13:30.715		153.647			4
2026.02.17	01:13:43.472	153.652	153.661			6
2026.02.17	01:13:43.776	153.653	153.662			6
2026.02.17	01:13:44.707	153.654	153.663			6
2026.02.17	01:13:46.884	153.645	153.653			6
2026.02.17	01:13:47.193		153.652			4
2026.02.17	01:13:47.816		153.651			4
2026.02.17	01:13:48.124	153.644				2
2026.02.17	01:13:49.357	153.641	153.648			6
2026.02.17	01:13:50.283		153.647			4
2026.02.17	01:13:53.392	153.638	153.646			6
2026.02.17	01:14:00.228	153.640				2
2026.02.17	01:14:00.543		153.647			4
2026.02.17	01:14:01.789		153.646			4
2026.02.17	01:14:03.355	153.641	153.649			6
2026.02.17	01:14:04.599	153.644	153.653			6
2026.02.17	01:14:05.522	153.643	153.652			6
2026.02.17	01:14:07.070	153.641	153.650			6
2026.02.17	01:14:10.504	153.636	153.643			6
2026.02.17	01:14:11.121	153.637	153.645			6
2026.02.17	01:14:13.288	153.643	153.652			6
2026.02.17	01:14:14.515	153.640				2
2026.02.17	01:14:16.385	153.643				2
2026.02.17	01:14:17.005	153.641	153.650			6
2026.02.17	01:14:17.942	153.642	153.651			6
2026.02.17	01:14:18.249	153.641	153.650			6
2026.02.17	01:14:25.092	153.638				2
2026.02.17	01:14:25.713		153.646			4
2026.02.17	01:14:26.028	153.636	153.645			6
2026.02.17	01:14:26.948		153.644			4
2026.02.17	01:14:35.659		153.645			4
2026.02.17	01:14:41.237		153.644			4
2026.02.17	01:14:41.851		153.645			4
2026.02.17	01:14:43.393		153.644			4
2026.02.17	01:14:52.354	153.637	153.645			6
2026.02.17	01:14:53.901	153.636	153.644			6
2026.02.17	01:14:59.774	153.651	153.655			6
2026.02.17	01:15:00.084	153.650				2
2026.02.17	01:15:00.390		153.656			4
2026.02.17	01:15:01.013	153.649				2
2026.02.17	01:15:01.332		153.657			4
2026.02.17	01:15:04.541	153.644	153.652			6
2026.02.17	01:15:05.787	153.645				2
2026.02.17	01:15:07.677		153.653			4
2026.02.17	01:15:14.233	153.646	153.654			6
2026.02.17	01:15:18.881	153.645	153.652			6
2026.02.17	01:15:21.984		153.651			4
2026.02.17	01:15:39.118		153.652			4
2026.02.17	01:15:39.436	153.646	153.653			6
2026.02.17	01:15:39.742		153.652			4
2026.02.17	01:15:40.364		153.651			4
2026.02.17	01:15:41.602	153.647	153.654			6
2026.02.17	01:15:47.832	153.646	153.653			6
2026.02.17	01:15:48.149	153.647	153.654			6
2026.02.17	01:15:49.074	153.646	153.653			6
2026.02.17	01:15:50.925		153.652			4
2026.02.17	01:15:53.108		153.653			4
2026.02.17	01:16:00.278	153.648	153.654			6
2026.02.17	01:16:02.122	153.647	153.653			6
2026.02.17	01:16:13.815	153.646	153.652			6
2026.02.17	01:16:22.852	153.653	153.658			6
2026.02.17	01:16:23.376	153.652				2
2026.02.17	01:16:23.919	153.653				2
2026.02.17	01:16:26.877	153.650	153.656			6
2026.02.17	01:16:27.827	153.649	153.655			6
2026.02.17	01:16:30.321	153.647	153.653			6
2026.02.17	01:16:30.634	153.652	153.655			6
2026.02.17	01:16:31.253		153.656			4
2026.02.17	01:16:36.210	153.648	153.654			6
2026.02.17	01:16:37.437	153.647	153.653			6
2026.02.17	01:16:38.362	153.648				2
2026.02.17	01:16:41.741	153.649	153.654			6
2026.02.17	01:16:42.044	153.648	153.653			6
2026.02.17	01:16:42.350	153.647	153.652			6
2026.02.17	01:16:42.661	153.648	153.653			6
2026.02.17	01:16:43.270	153.647	153.652			6
2026.02.17	01:16:44.490	153.651	153.656			6
2026.02.17	01:16:50.933	153.650	153.655			6
2026.02.17	01:16:53.068	153.649	153.654			6
2026.02.17	01:16:53.991	153.651	153.656			6
2026.02.17	01:16:55.224	153.650	153.655			6
2026.02.17	01:16:56.154	153.649	153.654			6
2026.02.17	01:16:56.773	153.647	153.652			6
2026.02.17	01:16:58.008	153.650	153.654			6
2026.02.17	01:16:58.322		153.655			4
2026.02.17	01:16:58.626	153.649	153.654			6
2026.02.17	01:16:59.554	153.648	153.653			6
2026.02.17	01:17:00.167	153.648				2
2026.02.17	01:17:01.089	153.649	153.654			6
2026.02.17	01:17:01.399	153.648	153.653			6
2026.02.17	01:17:10.334	153.647	153.652			6
2026.02.17	01:17:10.649		153.650			4
2026.02.17	01:17:11.273		153.651			4
2026.02.17	01:17:12.822		153.652			4
2026.02.17	01:17:13.137	153.648	153.653			6
2026.02.17	01:17:17.193		153.652			4
2026.02.17	01:17:22.424	153.647	153.651			6
2026.02.17	01:17:40.214	153.648	153.652			6
2026.02.17	01:17:50.618	153.647	153.651			6
2026.02.17	01:17:52.151		153.650			4
2026.02.17	01:17:56.762	153.648	153.651			6
2026.02.17	01:17:57.975	153.639	153.641			6
2026.02.17	01:17:58.279	153.637				2
2026.02.17	01:17:58.591	153.635	153.639			6
2026.02.17	01:17:58.914	153.634	153.638			6
2026.02.17	01:18:00.177	153.634				2
2026.02.17	01:18:03.308	153.633	153.637			6
2026.02.17	01:18:04.568	153.630				2
2026.02.17	01:18:05.514	153.631				2
2026.02.17	01:18:06.140	153.634	153.638			6
2026.02.17	01:18:06.462	153.635	153.639			6
2026.02.17	01:18:10.193		153.638			4
2026.02.17	01:18:11.413	153.634	153.637			6
2026.02.17	01:18:20.314	153.635	153.638			6
2026.02.17	01:18:21.854	153.633	153.636			6
2026.02.17	01:18:24.933	153.634	153.637			6
2026.02.17	01:18:25.857	153.635	153.638			6
2026.02.17	01:18:32.294	153.634	153.637			6
2026.02.17	01:18:35.996	153.624	153.627			6
2026.02.17	01:18:37.233	153.623	153.626			6
2026.02.17	01:18:38.140	153.622	153.625			6
2026.02.17	01:18:39.062	153.623	153.626			6
2026.02.17	01:18:39.374	153.622	153.625			6
2026.02.17	01:18:42.158	153.623	153.626			6
2026.02.17	01:18:47.970	153.625	153.628			6
2026.02.17	01:18:48.285	153.627	153.630			6
2026.02.17	01:18:48.592	153.629	153.632			6
2026.02.17	01:18:50.130	153.628	153.631			6
2026.02.17	01:18:50.740	153.634	153.637			6
2026.02.17	01:18:51.052	153.635	153.638			6
2026.02.17	01:18:51.354	153.636	153.639			6
2026.02.17	01:18:52.890	153.635	153.638			6
2026.02.17	01:18:53.196	153.636	153.639			6
2026.02.17	01:18:54.735	153.635	153.638			6
2026.02.17	01:18:58.731	153.630	153.633			6
2026.02.17	01:19:00.275	153.630				2
2026.02.17	01:19:01.205	153.631	153.634			6
2026.02.17	01:19:02.428	153.633	153.636			6
2026.02.17	01:19:02.735	153.629	153.632			6
2026.02.17	01:19:03.039	153.628	153.631			6
2026.02.17	01:19:05.193	153.627	153.630			6
2026.02.17	01:19:07.366	153.626	153.629			6
2026.02.17	01:19:11.376	153.630	153.633			6
2026.02.17	01:19:11.686	153.631	153.634			6
2026.02.17	01:19:12.618	153.632	153.635			6
2026.02.17	01:19:14.468	153.633	153.636			6
2026.02.17	01:19:19.715	153.632	153.635			6
2026.02.17	01:19:23.119	153.633				2
2026.02.17	01:19:29.251	153.635	153.637			6
2026.02.17	01:19:31.389	153.634	153.636			6
2026.02.17	01:19:31.998	153.637	153.639			6
2026.02.17	01:19:33.229	153.638	153.640			6
2026.02.17	01:19:38.732	153.642	153.644			6
2026.02.17	01:19:39.344	153.641	153.643			6
2026.02.17	01:19:39.652	153.643	153.645			6
2026.02.17	01:19:40.872	153.642	153.644			6
2026.02.17	01:19:45.798	153.641	153.643			6
2026.02.17	01:19:46.110	153.640	153.642			6
2026.02.17	01:19:46.419	153.641	153.643			6
2026.02.17	01:19:47.033	153.640	153.642			6
2026.02.17	01:19:55.941	153.642	153.644			6
2026.02.17	01:19:57.173	153.644	153.646			6
2026.02.17	01:20:00.253	153.646	153.648			6
2026.02.17	01:20:00.562	153.648	153.650			6
2026.02.17	01:20:01.786	153.647	153.649			6
2026.02.17	01:20:02.088	153.650	153.652			6
2026.02.17	01:20:03.009	153.648	153.650			6
2026.02.17	01:20:03.929	153.649	153.651			6
2026.02.17	01:20:04.842	153.650	153.652			6
2026.02.17	01:20:06.380	153.651	153.653			6
2026.02.17	01:20:11.267	153.652	153.654			6
2026.02.17	01:20:12.493	153.651	153.653			6
2026.02.17	01:20:13.410	153.650	153.652			6
2026.02.17	01:20:14.330	153.652	153.653			6
2026.02.17	01:20:14.633	153.651	153.652			6
2026.02.17	01:20:17.999	153.650	153.651			6
2026.02.17	01:20:19.827	153.649	153.650			6
2026.02.17	01:20:24.125	153.648	153.649			6
2026.02.17	01:20:32.403	153.643	153.644			6
2026.02.17	01:20:40.685	153.642	153.643			6
2026.02.17	01:20:51.425	153.643	153.644			6
2026.02.17	01:20:52.355	153.644	153.645			6
2026.02.17	01:20:57.595	153.642	153.643			6
2026.02.17	01:21:00.053	153.642				2
2026.02.17	01:21:01.579	153.641	153.642			6
2026.02.17	01:21:02.191	153.640	153.641			6
2026.02.17	01:21:03.417	153.641	153.642			6
2026.02.17	01:21:04.644	153.642	153.643			6
2026.02.17	01:21:19.076	153.643	153.644			6
2026.02.17	01:21:21.522	153.641	153.642			6
2026.02.17	01:21:23.064	153.642	153.643			6
2026.02.17	01:21:26.135	153.640	153.641			6
2026.02.17	01:21:35.347	153.641	153.642			6
2026.02.17	01:21:36.271	153.640	153.641			6
2026.02.17	01:21:44.585	153.641	153.642			6
2026.02.17	01:21:44.894	153.646	153.647			6
2026.02.17	01:21:45.505	153.648	153.649			6
2026.02.17	01:21:46.739	153.647	153.648			6
2026.02.17	01:21:47.658	153.649	153.650			6
2026.02.17	01:21:47.965	153.648	153.649			6
2026.02.17	01:21:49.189	153.647	153.648			6
2026.02.17	01:21:51.075	153.646	153.647			6
2026.02.17	01:21:51.693	153.650	153.651			6
2026.02.17	01:21:52.302	153.651	153.652			6
2026.02.17	01:21:55.974	153.649	153.650			6
2026.02.17	01:21:56.277	153.648	153.649			6
2026.02.17	01:22:00.051	153.649	153.650			6
2026.02.17	01:22:00.369	153.646	153.647			6
2026.02.17	01:22:02.238	153.645	153.646			6
2026.02.17	01:22:02.858	153.646	153.647			6
2026.02.17	01:22:03.165	153.645	153.646			6
2026.02.17	01:22:04.407	153.646	153.647			6
2026.02.17	01:22:05.334	153.649	153.650			6
2026.02.17	01:22:07.837	153.650	153.651			6
2026.02.17	01:22:09.082	153.651	153.652			6
2026.02.17	01:22:09.383	153.650	153.651			6
2026.02.17	01:22:09.703	153.649	153.650			6
2026.02.17	01:22:10.944	153.650	153.651			6
2026.02.17	01:22:14.004	153.651	153.652			6
2026.02.17	01:22:14.325	153.653	153.654			6
2026.02.17	01:22:16.167	153.652	153.653			6
2026.02.17	01:22:17.401	153.651	153.652			6
2026.02.17	01:22:20.211	153.652	153.653			6
2026.02.17	01:22:23.896	153.651	153.652			6
2026.02.17	01:22:24.214	153.650	153.651			6
2026.02.17	01:22:28.566	153.651	153.652			6
2026.02.17	01:22:28.868	153.650	153.651			6
2026.02.17	01:22:30.102	153.651	153.652			6
2026.02.17	01:22:32.293	153.646	153.647			6
2026.02.17	01:22:35.136	153.647	153.648			6
2026.02.17	01:22:37.952	153.648	153.649			6
2026.02.17	01:22:38.260	153.647	153.648			6
2026.02.17	01:22:40.456	153.650	153.651			6
2026.02.17	01:22:44.820	153.649	153.650			6
2026.02.17	01:22:45.436	153.648	153.649			6
2026.02.17	01:22:50.715	153.649	153.650			6
2026.02.17	01:22:51.034	153.650	153.651			6
2026.02.17	01:22:51.337	153.649	153.650			6
2026.02.17	01:22:51.643	153.648	153.649			6
2026.02.17	01:22:56.918	153.650	153.651			6
2026.02.17	01:22:57.224	153.649	153.650			6
2026.02.17	01:23:00.202	153.649				2
2026.02.17	01:23:09.498	153.651	153.652			6
2026.02.17	01:23:11.076	153.650	153.651			6
2026.02.17	01:23:11.394	153.651	153.652			6
2026.02.17	01:23:13.597	153.650	153.651			6
2026.02.17	01:23:19.906	153.651	153.652			6
2026.02.17	01:23:20.220	153.649	153.650			6
2026.02.17	01:23:20.537	153.650	153.651			6
2026.02.17	01:23:20.851	153.649	153.650			6
2026.02.17	01:23:21.166	153.651	153.652			6
2026.02.17	01:23:21.795	153.650	153.651			6
2026.02.17	01:23:23.056	153.649	153.650			6
2026.02.17	01:23:23.372	153.646	153.647			6
2026.02.17	01:23:24.001	153.645	153.646			6
2026.02.17	01:23:29.282	153.643	153.644			6
2026.02.17	01:23:34.281	153.641	153.642			6
2026.02.17	01:23:40.521	153.645	153.646			6
2026.02.17	01:23:45.221	153.646	153.647			6
2026.02.17	01:23:51.055	153.641	153.642			6
2026.02.17	01:23:51.682	153.642	153.643			6
2026.02.17	01:23:53.215	153.641	153.642			6
2026.02.17	01:23:53.843	153.640	153.641			6
2026.02.17	01:23:54.465	153.641	153.642			6
2026.02.17	01:23:55.992	153.640	153.641			6
2026.02.17	01:23:58.770	153.639	153.640			6
2026.02.17	01:24:00.009	153.639				2
2026.02.17	01:24:08.414	153.640	153.641			6
2026.02.17	01:24:31.122	153.639	153.640			6
2026.02.17	01:24:33.293	153.640	153.641			6
2026.02.17	01:24:36.655	153.638	153.639			6
2026.02.17	01:24:40.082	153.640	153.641			6
2026.02.17	01:24:41.956	153.641	153.642			6
2026.02.17	01:24:45.072	153.640	153.641			6
2026.02.17	01:24:50.328	153.638	153.639			6
2026.02.17	01:24:53.134	153.639	153.640			6
2026.02.17	01:24:54.365	153.638	153.639			6
2026.02.17	01:24:54.692	153.646	153.647			6
2026.02.17	01:24:57.467	153.645	153.646			6
2026.02.17	01:25:00.249	153.645				2
2026.02.17	01:25:00.563	153.646	153.647			6
2026.02.17	01:25:01.184	153.648	153.649			6
2026.02.17	01:25:01.503	153.650	153.651			6
2026.02.17	01:25:02.432	153.649	153.650			6
2026.02.17	01:25:09.336	153.650	153.651			6
2026.02.17	01:25:10.257	153.651	153.652			6
2026.02.17	01:25:10.563	153.650	153.651			6
2026.02.17	01:25:11.501	153.649	153.650			6
2026.02.17	01:25:13.047	153.648	153.649			6
2026.02.17	01:25:16.150	153.649	153.650			6
2026.02.17	01:25:16.458	153.648	153.649			6
2026.02.17	01:25:17.396	153.647	153.648			6
2026.02.17	01:25:17.702	153.646	153.647			6
2026.02.17	01:25:19.587	153.645	153.646			6
2026.02.17	01:25:19.901	153.646	153.647			6
2026.02.17	01:25:20.204	153.647	153.648			6
2026.02.17	01:25:22.972	153.648	153.649			6
2026.02.17	01:25:43.820	153.647	153.648			6
2026.02.17	01:25:53.451	153.649	153.650			6
2026.02.17	01:25:54.070	153.648	153.649			6
2026.02.17	01:25:54.376	153.647	153.648			6
2026.02.17	01:25:54.998	153.648	153.649			6
2026.02.17	01:25:55.304	153.647	153.648			6
2026.02.17	01:26:00.273	153.647				2
2026.02.17	01:26:03.050	153.648	153.649			6
2026.02.17	01:26:04.928	153.649	153.650			6
2026.02.17	01:26:05.537	153.660	153.661			6
2026.02.17	01:26:06.462	153.661	153.662			6
2026.02.17	01:26:14.851	153.660	153.661			6
2026.02.17	01:26:15.470	153.662	153.663			6
2026.02.17	01:26:15.781	153.658	153.659			6
2026.02.17	01:26:16.700	153.657	153.658			6
2026.02.17	01:26:17.009	153.650	153.651			6
2026.02.17	01:26:17.333	153.642	153.643			6
2026.02.17	01:26:17.634	153.641	153.642			6
2026.02.17	01:26:18.859	153.640	153.641			6
2026.02.17	01:26:21.040	153.637	153.638			6
2026.02.17	01:26:22.899	153.636	153.637			6
2026.02.17	01:26:34.720	153.635	153.636			6
2026.02.17	01:26:35.658	153.632	153.633			6
2026.02.17	01:26:35.962	153.628	153.629			6
2026.02.17	01:26:36.602	153.629	153.630			6
2026.02.17	01:26:36.915	153.631	153.632			6
2026.02.17	01:26:38.151	153.632	153.633			6
2026.02.17	01:26:45.948	153.635	153.636			6
2026.02.17	01:26:46.263	153.636	153.637			6
2026.02.17	01:26:52.517	153.637	153.638			6
2026.02.17	01:26:52.824	153.636	153.637			6
2026.02.17	01:26:54.393	153.637	153.638			6
2026.02.17	01:26:56.921	153.638	153.639			6
2026.02.17	01:26:59.384	153.637	153.638			6
2026.02.17	01:26:59.994	153.636	153.637			6
2026.02.17	01:27:00.309	153.637	153.638			6
2026.02.17	01:27:04.064	153.638	153.639			6
2026.02.17	01:27:08.103	153.639	153.640			6
2026.02.17	01:27:09.022	153.636	153.637			6
2026.02.17	01:27:09.335	153.635	153.636			6
2026.02.17	01:27:16.777	153.636	153.637			6
2026.02.17	01:27:18.308	153.637	153.638			6
2026.02.17	01:27:21.093	153.638	153.639			6
2026.02.17	01:27:25.067	153.637	153.638			6
2026.02.17	01:27:36.868	153.635	153.636			6
2026.02.17	01:27:37.171	153.637	153.638			6
2026.02.17	01:27:38.098	153.638	153.639			6
2026.02.17	01:27:39.022	153.637	153.638			6
2026.02.17	01:27:44.937	153.640	153.641			6
2026.02.17	01:27:45.258	153.641	153.642			6
2026.02.17	01:27:55.231	153.642	153.643			6
2026.02.17	01:28:00.223	153.644	153.645			6
2026.02.17	01:28:02.394	153.643	153.644			6
2026.02.17	01:28:05.510	153.644	153.645			6
2026.02.17	01:28:05.825	153.643	153.644			6
2026.02.17	01:28:06.436	153.645	153.646			6
2026.02.17	01:28:06.739	153.644	153.645			6
2026.02.17	01:28:07.355	153.645	153.646			6
2026.02.17	01:28:07.973	153.644	153.645			6
2026.02.17	01:28:08.275	153.645	153.646			6
2026.02.17	01:28:10.129	153.644	153.645			6
2026.02.17	01:28:12.904	153.645	153.646			6
2026.02.17	01:28:20.370	153.644	153.645			6
2026.02.17	01:28:22.263	153.647	153.648			6
2026.02.17	01:28:24.111	153.646	153.647			6
2026.02.17	01:28:29.973	153.644	153.645			6
2026.02.17	01:28:33.383	153.645	153.646			6
2026.02.17	01:28:33.991	153.644	153.645			6
2026.02.17	01:28:34.917	153.645	153.646			6
2026.02.17	01:28:38.288	153.646	153.647			6
2026.02.17	01:28:40.148	153.648	153.649			6
2026.02.17	01:28:40.461	153.647	153.648			6
2026.02.17	01:28:40.769	153.646	153.647			6
2026.02.17	01:28:41.083	153.645	153.646			6
2026.02.17	01:28:48.182	153.646	153.647			6
2026.02.17	01:28:51.275	153.645	153.646			6
2026.02.17	01:28:52.843	153.646	153.647			6
2026.02.17	01:28:59.364	153.645	153.646			6
2026.02.17	01:29:00.297	153.645				2
2026.02.17	01:29:03.109	153.646	153.647			6
2026.02.17	01:29:05.251	153.645	153.646			6
2026.02.17	01:29:09.313	153.646	153.647			6
2026.02.17	01:29:11.155	153.645	153.646			6
2026.02.17	01:29:14.866	153.646	153.647			6
2026.02.17	01:29:20.094	153.645	153.646			6
2026.02.17	01:29:32.238	153.646	153.647			6
2026.02.17	01:29:35.593	153.648	153.649			6
2026.02.17	01:29:38.692	153.649	153.650			6
2026.02.17	01:29:40.228	153.648	153.649			6
2026.02.17	01:29:40.532	153.651	153.652			6
2026.02.17	01:29:44.901	153.653	153.654			6
2026.02.17	01:29:46.131	153.652	153.653			6
2026.02.17	01:29:48.945	153.651	153.652			6
2026.02.17	01:29:50.208	153.652	153.653			6
2026.02.17	01:29:50.822	153.651	153.652			6
2026.02.17	01:29:53.299	153.650	153.651			6
2026.02.17	01:29:53.615	153.651	153.652			6
2026.02.17	01:29:54.543	153.650	153.651			6
2026.02.17	01:29:59.181	153.649	153.650			6
2026.02.17	01:29:59.489	153.648	153.649			6
2026.02.17	01:30:00.115	153.647	153.648			6
2026.02.17	01:30:00.427	153.648	153.649			6
2026.02.17	01:30:01.650	153.649	153.650			6
2026.02.17	01:30:05.047	153.650	153.651			6
2026.02.17	01:30:05.359	153.649	153.650			6
2026.02.17	01:30:05.984	153.648	153.649			6
2026.02.17	01:30:07.231	153.647	153.648			6
2026.02.17	01:30:09.419	153.648	153.649			6
2026.02.17	01:30:11.568	153.647	153.648			6
2026.02.17	01:30:11.887	153.648	153.649			6
2026.02.17	01:30:13.116	153.641	153.642			6
2026.02.17	01:30:13.435	153.638	153.639			6
2026.02.17	01:30:14.369	153.639	153.640			6
2026.02.17	01:30:14.678	153.638	153.639			6
2026.02.17	01:30:15.300	153.640	153.641			6
2026.02.17	01:30:15.913	153.639	153.640			6
2026.02.17	01:30:16.221	153.640	153.641			6
2026.02.17	01:30:17.145	153.639	153.640			6
2026.02.17	01:30:17.460	153.640	153.641			6
2026.02.17	01:30:18.381	153.641	153.642			6
2026.02.17	01:30:18.686	153.640	153.641			6
2026.02.17	01:30:21.502	153.639	153.640			6
2026.02.17	01:30:21.809	153.637	153.638			6
2026.02.17	01:30:22.438	153.636	153.637			6
2026.02.17	01:30:23.365	153.635	153.636			6
2026.02.17	01:30:25.534	153.632	153.633			6
2026.02.17	01:30:26.460	153.631	153.632			6
2026.02.17	01:30:27.076	153.632	153.633			6
2026.02.17	01:30:27.390	153.631	153.632			6
2026.02.17	01:30:28.330	153.632	153.633			6
2026.02.17	01:30:29.265	153.631	153.632			6
2026.02.17	01:30:30.514	153.629	153.630			6
2026.02.17	01:30:30.824	153.626	153.627			6
2026.02.17	01:30:31.137	153.613	153.614			6
2026.02.17	01:30:31.438	153.612	153.613			6
2026.02.17	01:30:31.745	153.611	153.612			6
2026.02.17	01:30:32.060	153.613	153.614			6
2026.02.17	01:30:33.322	153.609	153.610			6
2026.02.17	01:30:34.872	153.610	153.611			6
2026.02.17	01:30:35.182	153.609	153.610			6
2026.02.17	01:30:37.370	153.606	153.607			6
2026.02.17	01:30:37.679	153.600	153.601			6
2026.02.17	01:30:38.297	153.593	153.594			6
2026.02.17	01:30:38.612	153.592	153.593			6
2026.02.17	01:30:38.926	153.595	153.596			6
2026.02.17	01:30:39.854	153.596	153.597			6
2026.02.17	01:30:40.473	153.597	153.598			6
2026.02.17	01:30:40.781	153.598	153.599			6
2026.02.17	01:30:41.091	153.600	153.601			6
2026.02.17	01:30:42.026	153.599	153.600			6
2026.02.17	01:30:43.570	153.604	153.605			6
2026.02.17	01:30:43.880	153.607	153.609			6
2026.02.17	01:30:45.137	153.606	153.608			6
2026.02.17	01:30:46.062	153.605	153.607			6
2026.02.17	01:30:46.371	153.604	153.606			6
2026.02.17	01:30:46.988	153.605	153.607			6
2026.02.17	01:30:49.175	153.604	153.606			6
2026.02.17	01:30:51.360	153.605				2
2026.02.17	01:30:53.218	153.614	153.615			6
2026.02.17	01:30:54.152		153.616			4
2026.02.17	01:30:54.463	153.613	153.615			6
2026.02.17	01:30:54.777	153.612	153.613			6
2026.02.17	01:30:55.079	153.611	153.612			6
2026.02.17	01:30:55.393	153.610				2
2026.02.17	01:30:56.331	153.609	153.611			6
2026.02.17	01:30:57.247	153.610				2
2026.02.17	01:30:59.120	153.611	153.612			6
2026.02.17	01:31:00.045	153.611				2
2026.02.17	01:31:00.352	153.610	153.611			6
2026.02.17	01:31:02.203	153.611	153.612			6
2026.02.17	01:31:03.446	153.610				2
2026.02.17	01:31:08.393	153.611				2
2026.02.17	01:31:11.803	153.612	153.613			6
2026.02.17	01:31:13.662	153.614	153.615			6
2026.02.17	01:31:13.969	153.615	153.616			6
2026.02.17	01:31:14.275	153.613	153.614			6
2026.02.17	01:31:14.584	153.612	153.613			6
2026.02.17	01:31:14.891	153.611	153.612			6
2026.02.17	01:31:15.196	153.610				2
2026.02.17	01:31:18.275	153.611	153.613			6
2026.02.17	01:31:19.207	153.612				2
2026.02.17	01:31:22.308	153.611	153.612			6
2026.02.17	01:31:23.231	153.610	153.611			6
2026.02.17	01:31:23.841	153.611	153.612			6
2026.02.17	01:31:24.145	153.610	153.611			6
2026.02.17	01:31:24.452	153.613	153.614			6
2026.02.17	01:31:25.057	153.608	153.609			6
2026.02.17	01:31:34.851	153.611	153.612			6
2026.02.17	01:31:35.159	153.612	153.613			6
2026.02.17	01:31:36.384	153.610	153.611			6
2026.02.17	01:31:36.693	153.609	153.610			6
2026.02.17	01:31:37.002	153.610	153.611			6
2026.02.17	01:31:38.228	153.609	153.610			6
2026.02.17	01:31:38.845	153.608	153.609			6
2026.02.17	01:31:45.049	153.609	153.610			6
2026.02.17	01:31:46.596	153.612	153.613			6
2026.02.17	01:31:46.903	153.611	153.612			6
2026.02.17	01:31:48.449	153.613	153.614			6
2026.02.17	01:31:50.297	153.612	153.613			6
2026.02.17	01:31:50.612	153.613	153.614			6
2026.02.17	01:31:53.088	153.612	153.613			6
2026.02.17	01:31:53.410	153.611	153.612			6
2026.02.17	01:31:54.979	153.612	153.613			6
2026.02.17	01:31:56.848	153.611	153.612			6
2026.02.17	01:31:59.979	153.613	153.614			6
2026.02.17	01:32:00.289	153.613				2
2026.02.17	01:32:05.838	153.610	153.611			6
2026.02.17	01:32:06.463	153.611	153.612			6
2026.02.17	01:32:08.917	153.612	153.613			6
2026.02.17	01:32:09.220	153.613	153.614			6
2026.02.17	01:32:10.446	153.612	153.613			6
2026.02.17	01:32:16.344	153.611	153.612			6
2026.02.17	01:32:16.646	153.609	153.610			6
2026.02.17	01:32:17.572	153.610	153.611			6
2026.02.17	01:32:18.189	153.609	153.610			6
2026.02.17	01:32:18.497	153.610	153.611			6
2026.02.17	01:32:19.728	153.606	153.607			6
2026.02.17	01:32:20.043	153.607	153.608			6
2026.02.17	01:32:20.968	153.608	153.609			6
2026.02.17	01:32:23.460	153.611	153.612			6
2026.02.17	01:32:23.776	153.610	153.611			6
2026.02.17	01:32:24.699	153.611	153.612			6
2026.02.17	01:32:26.227	153.610	153.611			6
2026.02.17	01:32:38.409	153.611	153.612			6
2026.02.17	01:32:39.350	153.610	153.611			6
2026.02.17	01:32:40.295	153.618	153.619			6
2026.02.17	01:32:40.597	153.622	153.623			6
2026.02.17	01:32:42.754	153.623	153.624			6
2026.02.17	01:32:47.678	153.626	153.627			6
2026.02.17	01:32:47.984	153.625	153.626			6
2026.02.17	01:32:48.305	153.624	153.625			6
2026.02.17	01:32:48.623	153.625	153.626			6
2026.02.17	01:32:53.606	153.624	153.625			6
2026.02.17	01:32:54.854	153.625	153.626			6
2026.02.17	01:32:55.474	153.624	153.625			6
2026.02.17	01:33:00.128	153.624				2
2026.02.17	01:33:01.369	153.625	153.626			6
2026.02.17	01:33:01.674	153.624	153.625			6
2026.02.17	01:33:28.717	153.627	153.628			6
2026.02.17	01:33:32.125	153.632	153.633			6
2026.02.17	01:33:32.431	153.639	153.640			6
2026.02.17	01:33:32.739	153.638	153.639			6
2026.02.17	01:33:33.055	153.639	153.640			6
2026.02.17	01:33:41.119	153.640	153.641			6
2026.02.17	01:33:47.252	153.639	153.640			6
2026.02.17	01:33:47.875	153.635	153.636			6
2026.02.17	01:33:48.182	153.636	153.637			6
2026.02.17	01:33:48.499	153.637	153.638			6
2026.02.17	01:33:48.801	153.638	153.639			6
2026.02.17	01:33:49.111	153.636	153.637			6
2026.02.17	01:33:49.420	153.637	153.638			6
2026.02.17	01:33:50.034	153.638	153.639			6
2026.02.17	01:33:50.348	153.637	153.638			6
2026.02.17	01:33:50.962	153.638	153.639			6
2026.02.17	01:33:51.263	153.637	153.638			6
2026.02.17	01:33:52.823	153.636	153.637			6
2026.02.17	01:33:53.439	153.637	153.638			6
2026.02.17	01:33:54.066	153.636	153.637			6
2026.02.17	01:33:54.691	153.637	153.638			6
2026.02.17	01:33:55.306	153.636	153.637			6
2026.02.17	01:33:55.928	153.640	153.641			6
2026.02.17	01:34:00.263	153.640				2
2026.02.17	01:34:02.765	153.641	153.642			6
2026.02.17	01:34:04.604	153.640	153.641			6
2026.02.17	01:34:05.215	153.641	153.642			6
2026.02.17	01:34:10.808	153.638	153.639			6
2026.02.17	01:34:11.120	153.637	153.638			6
2026.02.17	01:34:11.429	153.639	153.640			6
2026.02.17	01:34:12.373	153.640	153.641			6
2026.02.17	01:34:12.989	153.641	153.642			6
2026.02.17	01:34:13.902	153.640	153.641			6
2026.02.17	01:34:16.706	153.641	153.642			6
2026.02.17	01:34:18.845	153.640	153.641			6
2026.02.17	01:34:19.784	153.641	153.642			6
2026.02.17	01:34:26.280	153.629	153.630			6
2026.02.17	01:34:26.585	153.634	153.635			6
2026.02.17	01:34:27.849	153.633	153.634			6
2026.02.17	01:34:35.039	153.632	153.633			6
2026.02.17	01:34:41.583	153.630	153.631			6
2026.02.17	01:34:42.204	153.629	153.630			6
2026.02.17	01:34:42.831	153.630	153.631			6
2026.02.17	01:34:56.357	153.634	153.635			6
2026.02.17	01:34:56.660	153.636	153.637			6
2026.02.17	01:34:56.967	153.637	153.638			6
2026.02.17	01:34:57.582	153.636	153.637			6
2026.02.17	01:34:58.188	153.635	153.636			6
2026.02.17	01:34:58.501	153.636	153.637			6
2026.02.17	01:35:00.063	153.636				2
2026.02.17	01:35:00.372	153.635	153.636			6
2026.02.17	01:35:00.680	153.636	153.637			6
2026.02.17	01:35:05.635	153.637	153.638			6
2026.02.17	01:35:05.939	153.636	153.637			6
2026.02.17	01:35:06.555	153.635	153.636			6
2026.02.17	01:35:09.652	153.636	153.637			6
2026.02.17	01:35:09.965	153.634	153.635			6
2026.02.17	01:35:10.273	153.636	153.637			6
2026.02.17	01:35:11.191	153.634	153.635			6
2026.02.17	01:35:11.512	153.633	153.634			6
2026.02.17	01:35:12.133	153.634	153.635			6
2026.02.17	01:35:13.091	153.635	153.636			6
2026.02.17	01:35:18.746	153.636	153.637			6
2026.02.17	01:35:20.934	153.637	153.638			6
2026.02.17	01:35:26.856	153.636	153.637			6
2026.02.17	01:35:27.157	153.642	153.643			6
2026.02.17	01:35:27.463	153.643	153.644			6
2026.02.17	01:35:27.771	153.642	153.643			6
2026.02.17	01:35:28.076	153.643	153.644			6
2026.02.17	01:35:29.295	153.642	153.643			6
2026.02.17	01:35:30.550	153.643	153.644			6
2026.02.17	01:35:30.856	153.646	153.647			6
2026.02.17	01:35:31.174	153.647	153.648			6
2026.02.17	01:35:31.492	153.649	153.650			6
2026.02.17	01:35:31.801	153.653	153.654			6
2026.02.17	01:35:32.716	153.652	153.653			6
2026.02.17	01:36:00.028	153.652				2
2026.02.17	01:36:04.423	153.663	153.664			6
2026.02.17	01:36:04.727	153.664	153.665			6
2026.02.17	01:36:05.028	153.663	153.664			6
2026.02.17	01:36:08.475	153.664	153.665			6
2026.02.17	01:36:10.308	153.659	153.660			6
2026.02.17	01:36:11.568	153.660	153.661			6
2026.02.17	01:36:17.474	153.659	153.660			6
2026.02.17	01:36:21.203	153.658	153.659			6
2026.02.17	01:36:22.117	153.659	153.660			6
2026.02.17	01:36:22.733	153.656	153.657			6
2026.02.17	01:36:23.350	153.655	153.656			6
2026.02.17	01:36:24.575	153.656	153.657			6
2026.02.17	01:36:24.881	153.654	153.655			6
2026.02.17	01:36:25.512	153.655	153.656			6
2026.02.17	01:36:35.702	153.654	153.655			6
2026.02.17	01:36:39.755	153.655	153.656			6
2026.02.17	01:36:40.372	153.654	153.655			6
2026.02.17	01:36:49.360	153.655	153.656			6
2026.02.17	01:36:49.663	153.656	153.657			6
2026.02.17	01:36:49.968	153.655	153.656			6
2026.02.17	01:36:53.378	153.657	153.658			6
2026.02.17	01:36:54.305	153.656	153.657			6
2026.02.17	01:36:58.344	153.657	153.658			6
2026.02.17	01:36:59.305	153.658	153.659			6
2026.02.17	01:37:00.236	153.657	153.658			6
2026.02.17	01:37:05.545		153.662			4
2026.02.17	01:37:07.093		153.658			4
2026.02.17	01:37:08.337		153.662			4
2026.02.17	01:37:08.945		153.658			4
2026.02.17	01:37:12.053	153.656	153.657			6
2026.02.17	01:37:12.356	153.657	153.658			6
2026.02.17	01:37:16.705	153.658	153.659			6
2026.02.17	01:37:20.066	153.661	153.662			6
2026.02.17	01:37:20.367	153.660	153.661			6
2026.02.17	01:37:21.296	153.659	153.660			6
2026.02.17	01:37:24.385	153.658	153.659			6
2026.02.17	01:37:26.548	153.660	153.661			6
2026.02.17	01:37:27.152	153.659	153.660			6
2026.02.17	01:37:30.232	153.658	153.659			6
2026.02.17	01:37:35.481	153.659	153.660			6
2026.02.17	01:37:41.297	153.658	153.659			6
2026.02.17	01:37:42.226	153.659	153.660			6
2026.02.17	01:37:42.531	153.656	153.657			6
2026.02.17	01:37:42.844	153.655	153.656			6
2026.02.17	01:37:52.747	153.654	153.655			6
2026.02.17	01:37:53.065	153.653	153.654			6
2026.02.17	01:37:54.612	153.654	153.655			6
2026.02.17	01:37:57.068	153.653	153.654			6
2026.02.17	01:37:58.931	153.654	153.655			6
2026.02.17	01:37:59.233	153.653	153.654			6
2026.02.17	01:38:00.156	153.653				2
2026.02.17	01:38:00.789	153.654	153.655			6
2026.02.17	01:38:09.147	153.639	153.640			6
2026.02.17	01:38:09.766	153.638	153.639			6
2026.02.17	01:38:12.226	153.637	153.638			6
2026.02.17	01:38:15.956	153.638	153.639			6
2026.02.17	01:38:20.235	153.637	153.638			6
2026.02.17	01:38:23.022	153.638	153.639			6
2026.02.17	01:38:23.323	153.637	153.638			6
2026.02.17	01:38:24.235	153.635	153.636			6
2026.02.17	01:38:24.536	153.637	153.638			6
2026.02.17	01:38:25.140	153.636	153.637			6
2026.02.17	01:38:25.750	153.637	153.638			6
2026.02.17	01:38:26.363	153.636	153.637			6
2026.02.17	01:38:30.675	153.635	153.636			6
2026.02.17	01:38:30.986	153.636	153.637			6
2026.02.17	01:38:31.931	153.635	153.636			6
2026.02.17	01:38:33.177	153.633	153.634			6
2026.02.17	01:38:33.815	153.632	153.633			6
2026.02.17	01:38:34.441	153.631	153.632			6
2026.02.17	01:38:34.753	153.632	153.633			6
2026.02.17	01:38:36.004	153.631	153.632			6
2026.02.17	01:38:36.939	153.632	153.633			6
2026.02.17	01:38:39.110	153.628	153.629			6
2026.02.17	01:38:40.363	153.629	153.630			6
2026.02.17	01:38:44.732	153.630	153.631			6
2026.02.17	01:38:46.880	153.631	153.632			6
2026.02.17	01:38:53.049	153.632	153.633			6
2026.02.17	01:38:54.272	153.630	153.631			6
2026.02.17	01:38:54.576	153.633	153.634			6
2026.02.17	01:38:54.890	153.632	153.633			6
2026.02.17	01:38:55.193	153.633	153.634			6
2026.02.17	01:38:55.816	153.634	153.635			6
2026.02.17	01:38:56.426	153.637	153.638			6
2026.02.17	01:38:56.729	153.636	153.637			6
2026.02.17	01:38:57.360	153.637	153.638			6
2026.02.17	01:39:00.138	153.636	153.637			6
2026.02.17	01:39:01.077	153.634	153.635			6
2026.02.17	01:39:02.001	153.635	153.636			6
2026.02.17	01:39:04.456	153.634	153.635			6
2026.02.17	01:39:08.796	153.633	153.634			6
2026.02.17	01:39:09.712	153.632	153.633			6
2026.02.17	01:39:10.024	153.633	153.634			6
2026.02.17	01:39:10.326	153.632	153.633			6
2026.02.17	01:39:10.948	153.633	153.634			6
2026.02.17	01:39:11.254	153.632	153.633			6
2026.02.17	01:39:13.113	153.633	153.634			6
2026.02.17	01:39:13.417	153.632	153.633			6
2026.02.17	01:39:13.723	153.633	153.634			6
2026.02.17	01:39:14.036	153.632	153.633			6
2026.02.17	01:39:14.343	153.633	153.634			6
2026.02.17	01:39:14.656	153.632	153.633			6
2026.02.17	01:39:15.581	153.633	153.634			6
2026.02.17	01:39:19.281	153.632	153.633			6
2026.02.17	01:39:20.214	153.633	153.634			6
2026.02.17	01:39:20.520	153.634	153.635			6
2026.02.17	01:39:20.828	153.636	153.637			6
2026.02.17	01:39:21.137	153.635	153.636			6
2026.02.17	01:39:24.533	153.636	153.637			6
2026.02.17	01:39:26.699	153.637	153.638			6
2026.02.17	01:39:30.393	153.636	153.637			6
2026.02.17	01:39:36.268	153.635	153.636			6
2026.02.17	01:39:39.671	153.636	153.637			6
2026.02.17	01:39:43.385	153.635	153.636			6
2026.02.17	01:39:44.309	153.636	153.637			6
2026.02.17	01:39:46.761	153.634	153.635			6
2026.02.17	01:39:47.691	153.635	153.636			6
2026.02.17	01:39:48.311	153.636	153.637			6
2026.02.17	01:39:48.615	153.637	153.638			6
2026.02.17	01:39:49.833	153.636	153.637			6
2026.02.17	01:39:52.928	153.634	153.635			6
2026.02.17	01:39:53.852	153.635	153.636			6
2026.02.17	01:39:54.786	153.633	153.634			6
2026.02.17	01:39:55.094	153.631	153.632			6
2026.02.17	01:39:55.400	153.632	153.633			6
2026.02.17	01:39:56.018	153.631	153.632			6
2026.02.17	01:40:00.030	153.631				2
2026.02.17	01:40:05.018	153.632	153.633			6
2026.02.17	01:40:05.961	153.633	153.634			6
2026.02.17	01:40:06.270	153.632	153.633			6
2026.02.17	01:40:07.202	153.633	153.634			6
2026.02.17	01:40:08.442	153.632	153.633			6
2026.02.17	01:40:09.696	153.635	153.636			6
2026.02.17	01:40:10.011	153.638	153.639			6
2026.02.17	01:40:10.313	153.637	153.638			6
2026.02.17	01:40:11.241	153.638	153.639			6
2026.02.17	01:40:14.673	153.637	153.638			6
2026.02.17	01:40:14.990	153.639	153.640			6
2026.02.17	01:40:15.299	153.634	153.635			6
2026.02.17	01:40:16.241	153.635	153.636			6
2026.02.17	01:40:19.703	153.636	153.637			6
2026.02.17	01:40:21.244	153.635	153.636			6
2026.02.17	01:40:24.963	153.632	153.633			6
2026.02.17	01:40:35.201	153.631	153.632			6
2026.02.17	01:40:40.148	153.630	153.631			6
2026.02.17	01:40:40.467	153.632	153.633			6
2026.02.17	01:40:40.779	153.634	153.635			6
2026.02.17	01:40:41.087	153.633	153.634			6
2026.02.17	01:40:42.012	153.632	153.633			6
2026.02.17	01:40:55.692	153.630	153.631			6
2026.02.17	01:40:55.997	153.629	153.630			6
2026.02.17	01:40:56.304	153.628	153.629			6
2026.02.17	01:41:00.074	153.628				2
2026.02.17	01:41:01.342	153.630	153.631			6
2026.02.17	01:41:01.654	153.629	153.630			6
2026.02.17	01:41:02.585	153.630	153.631			6
2026.02.17	01:41:02.888	153.628	153.629			6
2026.02.17	01:41:03.203	153.629	153.630			6
2026.02.17	01:41:03.524	153.628	153.629			6
2026.02.17	01:41:03.830	153.630	153.631			6
2026.02.17	01:41:04.144	153.631	153.632			6
2026.02.17	01:41:12.501	153.634	153.635			6
2026.02.17	01:41:12.822	153.637	153.638			6
2026.02.17	01:41:13.125	153.638	153.639			6
2026.02.17	01:41:16.514	153.637	153.638			6
2026.02.17	01:41:22.984	153.638	153.639			6
2026.02.17	01:41:27.335	153.636	153.637			6
2026.02.17	01:41:27.638	153.637	153.638			6
2026.02.17	01:41:31.321	153.636	153.637			6
2026.02.17	01:41:32.260	153.635	153.636			6
2026.02.17	01:41:42.497	153.636	153.637			6
2026.02.17	01:41:42.817	153.637	153.638			6
2026.02.17	01:41:48.658	153.636	153.637			6
2026.02.17	01:41:49.593	153.635	153.636			6
2026.02.17	01:41:50.212	153.636	153.637			6
2026.02.17	01:41:55.457	153.635	153.636			6
2026.02.17	01:41:57.353	153.637	153.638			6
2026.02.17	01:41:57.659	153.635	153.636			6
2026.02.17	01:41:57.966	153.634	153.635			6
2026.02.17	01:41:58.593	153.633	153.634			6
2026.02.17	01:42:00.197	153.633				2
2026.02.17	01:42:03.653	153.635	153.636			6
2026.02.17	01:42:12.658	153.638	153.639			6
2026.02.17	01:42:13.883	153.637	153.638			6
2026.02.17	01:42:17.922	153.638	153.639			6
2026.02.17	01:42:21.282	153.637	153.638			6
2026.02.17	01:42:24.399	153.638	153.639			6
2026.02.17	01:42:25.008	153.637	153.638			6
2026.02.17	01:42:25.329	153.638	153.639			6
2026.02.17	01:42:26.258	153.637	153.638			6
2026.02.17	01:42:27.805	153.636	153.637			6
2026.02.17	01:42:28.114	153.634	153.635			6
2026.02.17	01:42:28.421	153.635	153.636			6
2026.02.17	01:42:29.344	153.634	153.635			6
2026.02.17	01:42:35.268	153.635	153.636			6
2026.02.17	01:42:36.194	153.634	153.635			6
2026.02.17	01:42:37.132	153.637	153.638			6
2026.02.17	01:42:37.745	153.635	153.636			6
2026.02.17	01:42:43.001	153.637	153.638			6
2026.02.17	01:42:51.641	153.636	153.637			6
2026.02.17	01:42:53.190	153.637	153.638			6
2026.02.17	01:42:57.229	153.639	153.640			6
2026.02.17	01:42:58.152	153.638	153.639			6
2026.02.17	01:42:59.088	153.637	153.638			6
2026.02.17	01:43:00.021	153.637				2
2026.02.17	01:43:02.830	153.638	153.639			6
2026.02.17	01:43:03.135	153.634	153.635			6
2026.02.17	01:43:04.071	153.632	153.633			6
2026.02.17	01:43:04.693	153.631	153.632			6
2026.02.17	01:43:13.057	153.624	153.625			6
2026.02.17	01:43:13.364	153.625	153.626			6
2026.02.17	01:43:14.593	153.624	153.625			6
2026.02.17	01:43:14.907	153.625	153.626			6
2026.02.17	01:43:15.821	153.627	153.628			6
2026.02.17	01:43:16.125	153.626	153.627			6
2026.02.17	01:43:16.434	153.625	153.626			6
2026.02.17	01:43:17.073	153.624	153.625			6
2026.02.17	01:43:17.378	153.625	153.626			6
2026.02.17	01:43:18.301	153.624	153.625			6
2026.02.17	01:43:19.558	153.625	153.626			6
2026.02.17	01:43:22.665	153.624	153.625			6
2026.02.17	01:43:23.594	153.622	153.623			6
2026.02.17	01:43:26.068	153.623	153.624			6
2026.02.17	01:43:33.815	153.622	153.623			6
2026.02.17	01:43:34.119	153.621	153.622			6
2026.02.17	01:43:34.424	153.622	153.623			6
2026.02.17	01:43:34.731	153.621	153.622			6
2026.02.17	01:43:46.226	153.625	153.626			6
2026.02.17	01:43:46.531	153.624	153.625			6
2026.02.17	01:43:46.841	153.625	153.626			6
2026.02.17	01:43:48.690	153.627	153.628			6
2026.02.17	01:43:48.994	153.626	153.627			6
2026.02.17	01:43:56.081	153.625	153.626			6
2026.02.17	01:43:57.635	153.626	153.627			6
2026.02.17	01:43:57.940	153.625	153.626			6
2026.02.17	01:43:58.242	153.626	153.627			6
2026.02.17	01:43:59.168	153.625	153.626			6
2026.02.17	01:44:00.078	153.625				2
2026.02.17	01:44:00.989	153.624	153.625			6
2026.02.17	01:44:01.302	153.625	153.626			6
2026.02.17	01:44:01.609	153.624	153.625			6
2026.02.17	01:44:02.223	153.625	153.626			6
2026.02.17	01:44:02.532	153.623	153.624			6
2026.02.17	01:44:02.845	153.624	153.625			6
2026.02.17	01:44:03.772	153.625	153.626			6
2026.02.17	01:44:04.079	153.624	153.625			6
2026.02.17	01:44:04.380	153.623	153.624			6
2026.02.17	01:44:04.687	153.624	153.625			6
2026.02.17	01:44:05.619	153.623	153.624			6
2026.02.17	01:44:05.936	153.624	153.625			6
2026.02.17	01:44:06.243	153.623	153.624			6
2026.02.17	01:44:06.550	153.624	153.625			6
2026.02.17	01:44:09.000	153.625	153.626			6
2026.02.17	01:44:09.309	153.624	153.625			6
2026.02.17	01:44:09.612	153.625	153.626			6
2026.02.17	01:44:09.916	153.623	153.624			6
2026.02.17	01:44:10.230	153.624	153.625			6
2026.02.17	01:44:10.539	153.625	153.626			6
2026.02.17	01:44:10.850	153.626	153.627			6
2026.02.17	01:44:11.463	153.627	153.628			6
2026.02.17	01:44:11.767	153.626	153.627			6
2026.02.17	01:44:12.079	153.627	153.628			6
2026.02.17	01:44:12.394	153.626	153.627			6
2026.02.17	01:44:13.005	153.625	153.626			6
2026.02.17	01:44:13.308	153.626	153.627			6
2026.02.17	01:44:13.613	153.625	153.626			6
2026.02.17	01:44:13.918	153.624	153.625			6
2026.02.17	01:44:14.232	153.625	153.626			6
2026.02.17	01:44:14.533	153.624	153.625			6
2026.02.17	01:44:14.853	153.623	153.624			6
2026.02.17	01:44:15.170	153.625	153.626			6
2026.02.17	01:44:15.476	153.624	153.625			6
2026.02.17	01:44:15.786	153.626	153.627			6
2026.02.17	01:44:16.092	153.625	153.626			6
2026.02.17	01:44:16.705	153.624	153.625			6
2026.02.17	01:44:17.623	153.618	153.619			6
2026.02.17	01:44:17.944	153.617	153.618			6
2026.02.17	01:44:18.880	153.616	153.617			6
2026.02.17	01:44:27.228	153.615	153.616			6
2026.02.17	01:44:34.326	153.614	153.615			6
2026.02.17	01:44:38.996	153.615	153.616			6
2026.02.17	01:44:46.127	153.614	153.615			6
2026.02.17	01:44:57.954	153.615	153.616			6
2026.02.17	01:45:00.106	153.615				2
2026.02.17	01:45:01.329	153.614	153.615			6
2026.02.17	01:45:03.193	153.615	153.616			6
2026.02.17	01:45:03.814	153.614	153.615			6
2026.02.17	01:45:04.439	153.615	153.616			6
2026.02.17	01:45:13.398	153.614	153.615			6
2026.02.17	01:45:16.201	153.612	153.613			6
2026.02.17	01:45:20.545	153.613	153.614			6
2026.02.17	01:45:21.166	153.614	153.615			6
2026.02.17	01:45:21.774	153.613	153.614			6
2026.02.17	01:45:24.584	153.615	153.616			6
2026.02.17	01:45:30.520	153.614	153.615			6
2026.02.17	01:45:45.670	153.613	153.614			6
2026.02.17	01:45:47.519	153.614	153.615			6
2026.02.17	01:45:53.106	153.615	153.616			6
2026.02.17	01:45:53.415	153.619	153.620			6
2026.02.17	01:45:57.445	153.618	153.619			6
2026.02.17	01:46:00.228	153.618				2
2026.02.17	01:46:00.846	153.619	153.620			6
2026.02.17	01:46:03.003	153.618	153.619			6
2026.02.17	01:46:03.927	153.616	153.617			6
2026.02.17	01:46:04.241	153.618	153.619			6
2026.02.17	01:46:07.345	153.620	153.621			6
2026.02.17	01:46:07.664	153.621	153.622			6
2026.02.17	01:46:09.509	153.620	153.621			6
2026.02.17	01:46:10.134	153.621	153.622			6
2026.02.17	01:46:13.843	153.619	153.620			6
2026.02.17	01:46:15.714	153.620	153.621			6
2026.02.17	01:46:16.634	153.623	153.624			6
2026.02.17	01:46:16.952	153.624	153.625			6
2026.02.17	01:46:18.180	153.625	153.626			6
2026.02.17	01:46:18.800	153.626	153.627			6
2026.02.17	01:46:19.107	153.633	153.634			6
2026.02.17	01:46:19.422	153.634	153.635			6
2026.02.17	01:46:21.287	153.628	153.629			6
2026.02.17	01:46:21.596	153.630	153.631			6
2026.02.17	01:46:21.901	153.634	153.635			6
2026.02.17	01:46:22.540	153.633	153.634			6
2026.02.17	01:46:22.857	153.634	153.635			6
2026.02.17	01:46:25.671	153.635	153.636			6
2026.02.17	01:46:26.591	153.634	153.635			6
2026.02.17	01:46:29.393	153.639	153.640			6
2026.02.17	01:46:30.324	153.640	153.641			6
2026.02.17	01:46:31.551	153.639	153.640			6
2026.02.17	01:46:32.493	153.638	153.639			6
2026.02.17	01:46:32.811	153.639	153.640			6
2026.02.17	01:46:34.059	153.638	153.639			6
2026.02.17	01:46:35.638	153.636	153.637			6
2026.02.17	01:46:36.243	153.637	153.638			6
2026.02.17	01:46:36.549	153.635	153.636			6
2026.02.17	01:46:36.866	153.637	153.638			6
2026.02.17	01:46:37.170	153.636	153.637			6
2026.02.17	01:46:39.365	153.637	153.638			6
2026.02.17	01:46:40.591	153.636	153.637			6
2026.02.17	01:46:46.812	153.637	153.638			6
2026.02.17	01:46:48.029	153.636	153.637			6
2026.02.17	01:46:58.322	153.637	153.638			6
2026.02.17	01:46:59.886	153.638	153.639			6
2026.02.17	01:47:00.207	153.638				2
2026.02.17	01:47:01.432	153.639	153.640			6
2026.02.17	01:47:02.958	153.638	153.639			6
2026.02.17	01:47:05.726	153.639	153.640			6
2026.02.17	01:47:11.675	153.638	153.639			6
2026.02.17	01:47:17.245	153.637	153.638			6
2026.02.17	01:47:17.858	153.638	153.639			6
2026.02.17	01:47:18.160	153.637	153.638			6
2026.02.17	01:47:18.476	153.638	153.639			6
2026.02.17	01:47:18.783	153.637	153.638			6
2026.02.17	01:47:22.202	153.638	153.639			6
2026.02.17	01:47:26.530	153.639	153.640			6
2026.02.17	01:47:26.841	153.638	153.639			6
2026.02.17	01:47:29.000	153.639	153.640			6
2026.02.17	01:47:31.446	153.637	153.638			6
2026.02.17	01:47:32.400	153.638	153.639			6
2026.02.17	01:47:49.147	153.637	153.638			6
2026.02.17	01:47:51.332	153.638	153.639			6
2026.02.17	01:47:56.007	153.639	153.640			6
2026.02.17	01:47:56.313	153.638	153.639			6
2026.02.17	01:47:57.555	153.639	153.640			6
2026.02.17	01:47:58.477	153.638	153.639			6
2026.02.17	01:48:00.036	153.638				2
2026.02.17	01:48:37.372	153.639	153.640			6
2026.02.17	01:48:43.268	153.640	153.641			6
2026.02.17	01:48:43.580	153.639	153.640			6
2026.02.17	01:48:50.416	153.642	153.643			6
2026.02.17	01:48:50.718	153.645	153.646			6
2026.02.17	01:48:51.026	153.646	153.647			6
2026.02.17	01:48:51.343	153.647	153.648			6
2026.02.17	01:48:56.017	153.650	153.651			6
2026.02.17	01:48:58.162	153.649	153.650			6
2026.02.17	01:49:00.033	153.649				2
2026.02.17	01:49:03.185	153.650	153.651			6
2026.02.17	01:49:11.751	153.649	153.650			6
2026.02.17	01:49:18.583	153.648	153.649			6
2026.02.17	01:49:20.447	153.649	153.650			6
2026.02.17	01:49:23.861	153.650	153.651			6
2026.02.17	01:49:26.334	153.649	153.650			6
2026.02.17	01:49:27.576	153.650	153.651			6
2026.02.17	01:49:29.112	153.649	153.650			6
2026.02.17	01:49:30.370	153.650	153.651			6
2026.02.17	01:49:33.437	153.649	153.650			6
2026.02.17	01:49:34.699	153.650	153.651			6
2026.02.17	01:49:36.538	153.656	153.657			6
2026.02.17	01:49:36.841	153.646	153.647			6
2026.02.17	01:49:37.478	153.647	153.648			6
2026.02.17	01:49:38.095	153.646	153.647			6
2026.02.17	01:49:39.028	153.654	153.655			6
2026.02.17	01:49:39.329	153.649	153.650			6
2026.02.17	01:49:39.666	153.650	153.651			6
2026.02.17	01:49:39.969	153.649	153.650			6
2026.02.17	01:49:40.276	153.650	153.651			6
2026.02.17	01:49:43.033	153.649	153.650			6
2026.02.17	01:49:53.659	153.650	153.651			6
2026.02.17	01:49:54.278	153.649	153.650			6
2026.02.17	01:49:59.262	153.647	153.648			6
2026.02.17	01:50:00.205	153.648	153.649			6
2026.02.17	01:50:00.536	153.649	153.650			6
2026.02.17	01:50:02.423	153.650	153.651			6
2026.02.17	01:50:04.872	153.649	153.650			6
2026.02.17	01:50:05.187	153.650	153.651			6
2026.02.17	01:50:05.496	153.649	153.650			6
2026.02.17	01:50:05.807	153.650	153.651			6
2026.02.17	01:50:06.739	153.654	153.655			6
2026.02.17	01:50:07.666	153.655	153.656			6
2026.02.17	01:50:08.911	153.656	153.657			6
2026.02.17	01:50:09.229	153.657	153.658			6
2026.02.17	01:50:11.688	153.661	153.662			6
2026.02.17	01:50:11.992	153.662	153.663			6
2026.02.17	01:50:12.924	153.661	153.662			6
2026.02.17	01:50:13.243	153.663	153.664			6
2026.02.17	01:50:13.545	153.662	153.663			6
2026.02.17	01:50:13.862	153.663	153.664			6
2026.02.17	01:50:14.806	153.666	153.667			6
2026.02.17	01:50:15.729	153.667	153.668			6
2026.02.17	01:50:16.039	153.672	153.673			6
2026.02.17	01:50:16.655	153.671	153.672			6
2026.02.17	01:50:16.971	153.672	153.673			6
2026.02.17	01:50:24.366	153.670	153.671			6
2026.02.17	01:50:25.917	153.668	153.669			6
2026.02.17	01:50:26.531	153.667	153.668			6
2026.02.17	01:50:26.840	153.668	153.669			6
2026.02.17	01:50:28.094	153.664	153.665			6
2026.02.17	01:50:28.410	153.662	153.663			6
2026.02.17	01:50:29.037	153.663	153.664			6
2026.02.17	01:50:30.270	153.662	153.663			6
2026.02.17	01:50:32.751	153.661	153.662			6
2026.02.17	01:50:33.059	153.662	153.663			6
2026.02.17	01:50:33.672	153.661	153.662			6
2026.02.17	01:50:33.994	153.660	153.661			6
2026.02.17	01:50:34.603	153.659	153.660			6
2026.02.17	01:50:35.843	153.660	153.661			6
2026.02.17	01:50:36.146	153.659	153.660			6
2026.02.17	01:50:36.784	153.660	153.661			6
2026.02.17	01:50:38.052	153.661	153.662			6
2026.02.17	01:50:39.596	153.659	153.660			6
2026.02.17	01:50:41.479	153.660	153.661			6
2026.02.17	01:50:43.330	153.663	153.664			6
2026.02.17	01:50:44.573	153.661	153.662			6
2026.02.17	01:50:45.804	153.662	153.663			6
2026.02.17	01:50:47.972	153.663	153.664			6
2026.02.17	01:50:48.278	153.662	153.663			6
2026.02.17	01:50:48.914	153.663	153.664			6
2026.02.17	01:51:00.172	153.663				2
2026.02.17	01:51:00.784	153.664	153.665			6
2026.02.17	01:51:04.792	153.663	153.664			6
2026.02.17	01:51:05.419	153.664	153.665			6
2026.02.17	01:51:05.727	153.666	153.667			6
2026.02.17	01:51:06.037	153.669	153.670			6
2026.02.17	01:51:06.352	153.670	153.671			6
2026.02.17	01:51:06.663	153.669	153.670			6
2026.02.17	01:51:06.975	153.670	153.671			6
2026.02.17	01:51:11.592	153.669	153.670			6
2026.02.17	01:51:12.217	153.671	153.672			6
2026.02.17	01:51:13.163	153.669	153.670			6
2026.02.17	01:51:14.714	153.670	153.671			6
2026.02.17	01:51:30.160	153.677	153.678			6
2026.02.17	01:51:30.774	153.676	153.677			6
2026.02.17	01:51:32.638	153.696	153.697			6
2026.02.17	01:51:32.955	153.706	153.707			6
2026.02.17	01:51:33.282	153.719	153.720			6
2026.02.17	01:51:33.898	153.729	153.730			6
2026.02.17	01:51:34.221	153.726	153.732			6
2026.02.17	01:51:34.591	153.736	153.737			6
2026.02.17	01:51:34.899	153.741	153.747			6
2026.02.17	01:51:35.206	153.753	153.760			6
2026.02.17	01:51:35.523	153.751	153.759			6
2026.02.17	01:51:35.846	153.750	153.758			6
2026.02.17	01:51:36.146	153.751	153.759			6
2026.02.17	01:51:36.454		153.757			4
2026.02.17	01:51:36.764	153.750	153.758			6
2026.02.17	01:51:37.081	153.752	153.759			6
2026.02.17	01:51:37.402		153.758			4
2026.02.17	01:51:38.373	153.738	153.740			6
2026.02.17	01:51:38.679	153.739	153.748			6
2026.02.17	01:51:38.987		153.745			4
2026.02.17	01:51:39.297	153.738	153.744			6
2026.02.17	01:51:39.603		153.743			4
2026.02.17	01:51:39.916	153.739	153.745			6
2026.02.17	01:51:40.219		153.747			4
2026.02.17	01:51:40.520		153.745			4
2026.02.17	01:51:42.064		153.744			4
2026.02.17	01:51:42.370	153.726	153.733			6
2026.02.17	01:51:42.769	153.727				2
2026.02.17	01:51:43.089		153.734			4
2026.02.17	01:51:44.676	153.729	153.736			6
2026.02.17	01:51:44.981	153.732	153.738			6
2026.02.17	01:51:46.054	153.727	153.734			6
2026.02.17	01:51:46.391		153.735			4
2026.02.17	01:51:46.695		153.734			4
2026.02.17	01:51:48.565	153.733	153.739			6
2026.02.17	01:51:48.895		153.737			4
2026.02.17	01:51:50.052	153.731	153.736			6
2026.02.17	01:51:51.106	153.732	153.737			6
2026.02.17	01:51:51.792	153.731				2
2026.02.17	01:51:52.389	153.727	153.732			6
2026.02.17	01:51:53.066	153.718	153.722			6
2026.02.17	01:51:53.379	153.715	153.721			6
2026.02.17	01:51:53.709	153.716				2
2026.02.17	01:51:54.321	153.715				2
2026.02.17	01:51:54.957	153.716				2
2026.02.17	01:51:55.470	153.717	153.723			6
2026.02.17	01:51:57.078	153.716				2
2026.02.17	01:51:57.948	153.714	153.720			6
2026.02.17	01:51:58.560	153.717	153.723			6
2026.02.17	01:52:00.327	153.718	153.724			6
2026.02.17	01:52:00.666	153.717				2
2026.02.17	01:52:01.386	153.718				2
2026.02.17	01:52:01.691	153.717				2
2026.02.17	01:52:02.229	153.718	153.723			6
2026.02.17	01:52:02.843	153.717				2
2026.02.17	01:52:03.160	153.718				2
2026.02.17	01:52:04.083	153.713	153.714			6
2026.02.17	01:52:04.393	153.707	153.713			6
2026.02.17	01:52:04.703	153.706				2
2026.02.17	01:52:05.326	153.707				2
2026.02.17	01:52:06.554	153.706	153.711			6
2026.02.17	01:52:07.477	153.707	153.712			6
2026.02.17	01:52:08.712	153.708	153.714			6
2026.02.17	01:52:09.019	153.709	153.715			6
2026.02.17	01:52:09.328	153.706	153.712			6
2026.02.17	01:52:10.564	153.705				2
2026.02.17	01:52:12.070	153.690	153.693			6
2026.02.17	01:52:12.376	153.689	153.695			6
2026.02.17	01:52:12.680		153.693			4
2026.02.17	01:52:12.996	153.686	153.690			6
2026.02.17	01:52:13.298	153.687	153.691			6
2026.02.17	01:52:13.612	153.686				2
2026.02.17	01:52:13.923	153.687	153.692			6
2026.02.17	01:52:15.465	153.685	153.689			6
2026.02.17	01:52:15.775	153.684				2
2026.02.17	01:52:16.089	153.685	153.692			6
2026.02.17	01:52:16.400		153.689			4
2026.02.17	01:52:16.701	153.684				2
2026.02.17	01:52:17.547	153.686	153.691			6
2026.02.17	01:52:18.866	153.687	153.692			6
2026.02.17	01:52:20.610	153.688	153.693			6
2026.02.17	01:52:20.942	153.687	153.691			6
2026.02.17	01:52:21.435		153.692			4
2026.02.17	01:52:22.222		153.693			4
2026.02.17	01:52:22.630	153.688				2
2026.02.17	01:52:23.559		153.694			4
2026.02.17	01:52:23.863	153.687	153.693			6
2026.02.17	01:52:25.113	153.688				2
2026.02.17	01:52:26.150	153.683	153.687			6
2026.02.17	01:52:26.453	153.682				2
2026.02.17	01:52:29.523	153.687	153.692			6
2026.02.17	01:52:29.856		153.693			4
2026.02.17	01:52:31.368	153.688				2
2026.02.17	01:52:32.827		153.694			4
2026.02.17	01:52:35.552	153.689	153.695			6
2026.02.17	01:52:40.080	153.691	153.697			6
2026.02.17	01:52:40.398	153.689	153.695			6
2026.02.17	01:52:40.911	153.690	153.696			6
2026.02.17	01:52:48.963	153.689	153.695			6
2026.02.17	01:52:50.195		153.696			4
2026.02.17	01:52:50.534	153.690				2
2026.02.17	01:52:54.284		153.697			4
2026.02.17	01:52:56.716		153.696			4
2026.02.17	01:53:00.374	153.690				2
2026.02.17	01:53:03.498	153.689				2
2026.02.17	01:53:04.043	153.692	153.697			6
2026.02.17	01:53:05.216	153.689	153.692			6
2026.02.17	01:53:05.519	153.688	153.691			6
2026.02.17	01:53:06.233	153.689				2
2026.02.17	01:53:07.804	153.687	153.690			6
2026.02.17	01:53:08.153	153.686				2
2026.02.17	01:53:08.653	153.687				2
2026.02.17	01:53:09.350		153.689			4
2026.02.17	01:53:09.937	153.686				2
2026.02.17	01:53:11.392	153.679	153.682			6
2026.02.17	01:53:12.150	153.671	153.674			6
2026.02.17	01:53:13.248	153.668	153.671			6
2026.02.17	01:53:15.149	153.654	153.655			6
2026.02.17	01:53:15.460	153.653	153.656			6
2026.02.17	01:53:15.766	153.641	153.645			6
2026.02.17	01:53:16.070	153.640				2
2026.02.17	01:53:16.389	153.644	153.646			6
2026.02.17	01:53:16.785	153.646	153.648			6
2026.02.17	01:53:17.498	153.647				2
2026.02.17	01:53:18.303		153.650			4
2026.02.17	01:53:19.372	153.649				2
2026.02.17	01:53:25.026	153.652	153.658			6
2026.02.17	01:53:26.246	153.655				2
2026.02.17	01:53:29.385		153.661			4
2026.02.17	01:53:30.224	153.658				2
2026.02.17	01:53:31.223	153.659				2
2026.02.17	01:53:31.649	153.657	153.660			6
2026.02.17	01:53:32.134		153.661			4
2026.02.17	01:53:33.146	153.659				2
2026.02.17	01:53:34.981	153.655				2
2026.02.17	01:53:35.431	153.656	153.662			6
2026.02.17	01:53:36.363	153.655	153.661			6
2026.02.17	01:53:40.048	153.656	153.662			6
2026.02.17	01:53:42.084	153.667	153.668			6
2026.02.17	01:53:42.386	153.672	153.675			6
2026.02.17	01:53:42.689	153.670				2
2026.02.17	01:53:43.029	153.669	153.674			6
2026.02.17	01:53:43.389	153.672	153.678			6
2026.02.17	01:53:44.345	153.667	153.674			6
2026.02.17	01:53:46.302	153.668	153.675			6
2026.02.17	01:53:47.279	153.667	153.674			6
2026.02.17	01:53:48.044	153.678	153.683			6
2026.02.17	01:53:48.348		153.685			4
2026.02.17	01:53:52.597	153.680	153.687			6
2026.02.17	01:53:53.103	153.678	153.685			6
2026.02.17	01:53:56.280	153.669	153.676			6
2026.02.17	01:53:56.599	153.671	153.677			6
2026.02.17	01:53:57.637	153.670				2
2026.02.17	01:53:59.612	153.669	153.676			6
2026.02.17	01:54:00.427	153.668	153.675			6
2026.02.17	01:54:02.086	153.670	153.676			6
2026.02.17	01:54:03.327		153.675			4
2026.02.17	01:54:03.950	153.660	153.666			6
2026.02.17	01:54:04.308	153.658	153.664			6
2026.02.17	01:54:06.176		153.665			4
2026.02.17	01:54:06.493	153.657	153.663			6
2026.02.17	01:54:08.215	153.665	153.672			6
2026.02.17	01:54:09.540	153.666	153.673			6
2026.02.17	01:54:14.270	153.668				2
2026.02.17	01:54:14.769		153.674			4
2026.02.17	01:54:16.162		153.673			4
2026.02.17	01:54:16.569	153.667				2
2026.02.17	01:54:17.895	153.666				2
2026.02.17	01:54:20.660	153.665	153.672			6
2026.02.17	01:54:24.068		153.671			4
2026.02.17	01:54:25.178		153.672			4
2026.02.17	01:54:28.144		153.671			4
2026.02.17	01:54:29.014	153.666	153.672			6
2026.02.17	01:54:30.376		153.673			4
2026.02.17	01:54:33.244		153.672			4
2026.02.17	01:54:34.953	153.665	153.671			6
2026.02.17	01:54:36.000	153.667				2
2026.02.17	01:54:38.183	153.664	153.667			6
2026.02.17	01:54:38.488	153.668	153.674			6
2026.02.17	01:54:39.842	153.669				2
2026.02.17	01:54:40.623		153.676			4
2026.02.17	01:54:41.756	153.670				2
2026.02.17	01:54:42.138	153.660	153.664			6
2026.02.17	01:54:49.073		153.665			4
2026.02.17	01:54:57.168		153.664			4
2026.02.17	01:55:00.117	153.660				2
2026.02.17	01:55:00.424	153.658				2
2026.02.17	01:55:03.224		153.665			4
2026.02.17	01:55:06.848	153.657	153.663			6
2026.02.17	01:55:13.956	153.656	153.662			6
2026.02.17	01:55:17.357	153.655	153.661			6
2026.02.17	01:55:19.421	153.653	153.658			6
2026.02.17	01:55:19.738	153.654	153.660			6
2026.02.17	01:55:20.462	153.655				2
2026.02.17	01:55:21.563	153.654				2
2026.02.17	01:55:22.159	153.655	153.661			6
2026.02.17	01:55:22.801	153.656				2
2026.02.17	01:55:25.083	153.655				2
2026.02.17	01:55:27.588	153.656				2
2026.02.17	01:55:30.386	153.653	153.659			6
2026.02.17	01:55:38.164	153.652	153.657			6
2026.02.17	01:55:39.578	153.653	153.659			6
2026.02.17	01:55:42.285	153.646	153.651			6
2026.02.17	01:55:42.600	153.645				2
2026.02.17	01:55:45.690	153.646				2
2026.02.17	01:55:47.224	153.649				2
2026.02.17	01:55:53.173	153.645				2
2026.02.17	01:55:53.501	153.644	153.650			6
2026.02.17	01:55:53.812		153.651			4
2026.02.17	01:55:58.510	153.645				2
2026.02.17	01:56:00.057	153.645				2
2026.02.17	01:56:04.241	153.642	153.648			6
2026.02.17	01:56:05.803		153.649			4
2026.02.17	01:56:06.108	153.643				2
2026.02.17	01:56:06.418	153.644	153.650			6
2026.02.17	01:56:06.739	153.635	153.641			6
2026.02.17	01:56:07.043	153.632	153.639			6
2026.02.17	01:56:07.977		153.638			4
2026.02.17	01:56:08.903	153.631				2
2026.02.17	01:56:09.310	153.632				2
2026.02.17	01:56:10.233	153.631				2
2026.02.17	01:56:11.370	153.634	153.640			6
2026.02.17	01:56:11.683	153.633	153.639			6
2026.02.17	01:56:12.022		153.638			4
2026.02.17	01:56:12.338	153.631	153.636			6
2026.02.17	01:56:13.269	153.630				2
2026.02.17	01:56:13.578	153.635	153.641			6
2026.02.17	01:56:18.201	153.636	153.642			6
2026.02.17	01:56:20.367		153.640			4
2026.02.17	01:56:22.549		153.642			4
2026.02.17	01:56:22.857	153.637	153.640			6
2026.02.17	01:56:23.475		153.641			4
2026.02.17	01:56:25.364	153.636				2
2026.02.17	01:56:34.778	153.634				2
2026.02.17	01:56:36.470		153.640			4
2026.02.17	01:56:37.544	153.635				2
2026.02.17	01:56:38.255	153.636	153.641			6
2026.02.17	01:56:40.417		153.640			4
2026.02.17	01:56:41.029	153.647	153.652			6
2026.02.17	01:56:42.258	153.646				2
2026.02.17	01:56:45.372		153.651			4
2026.02.17	01:56:45.991		153.650			4
2026.02.17	01:56:49.383	153.645				2
2026.02.17	01:56:49.690	153.646				2
2026.02.17	01:56:55.873	153.650	153.654			6
2026.02.17	01:56:56.191	153.648	153.651			6
2026.02.17	01:56:58.379	153.647				2
2026.02.17	01:56:59.305	153.630	153.633			6
2026.02.17	01:56:59.619	153.627				2
2026.02.17	01:56:59.927	153.624	153.627			6
2026.02.17	01:57:00.229	153.620	153.626			6
2026.02.17	01:57:00.578		153.625			4
2026.02.17	01:57:01.644		153.626			4
2026.02.17	01:57:02.362		153.624			4
2026.02.17	01:57:02.673	153.619				2
2026.02.17	01:57:03.929	153.620	153.626			6
2026.02.17	01:57:04.870	153.621				2
2026.02.17	01:57:05.506	153.620				2
2026.02.17	01:57:05.811	153.621	153.627			6
2026.02.17	01:57:06.351	153.620	153.625			6
2026.02.17	01:57:08.241		153.624			4
2026.02.17	01:57:10.107	153.619				2
2026.02.17	01:57:12.901		153.621			4
2026.02.17	01:57:13.204	153.612	153.616			6
2026.02.17	01:57:21.022	153.609	153.613			6
2026.02.17	01:57:21.328	153.608				2
2026.02.17	01:57:23.528	153.607				2
2026.02.17	01:57:23.832		153.612			4
2026.02.17	01:57:29.153	153.608	153.613			6
2026.02.17	01:57:32.676	153.620	153.626			6
2026.02.17	01:57:32.979	153.625	153.629			6
2026.02.17	01:57:38.912		153.630			4
2026.02.17	01:57:45.113		153.629			4
2026.02.17	01:57:47.284	153.626				2
2026.02.17	01:57:48.847	153.620	153.625			6
2026.02.17	01:57:49.472	153.621				2
2026.02.17	01:57:52.584	153.619	153.623			6
2026.02.17	01:57:52.903	153.618				2
2026.02.17	01:57:56.332		153.622			4
2026.02.17	01:58:00.077	153.618				2
2026.02.17	01:58:02.875	153.619				2
2026.02.17	01:58:03.185	153.618				2
2026.02.17	01:58:12.538	153.619				2
2026.02.17	01:58:14.103		153.623			4
2026.02.17	01:58:15.640	153.620				2
2026.02.17	01:58:17.183	153.619				2
2026.02.17	01:58:20.238	153.618				2
2026.02.17	01:58:21.162	153.619				2
2026.02.17	01:58:22.393	153.618				2
2026.02.17	01:58:25.768	153.619				2
2026.02.17	01:58:26.691	153.618				2
2026.02.17	01:58:27.914	153.601	153.605			6
2026.02.17	01:58:31.201	153.602				2
2026.02.17	01:58:31.509	153.601				2
2026.02.17	01:58:34.320	153.602				2
2026.02.17	01:58:34.643	153.601				2
2026.02.17	01:58:34.960		153.603			4
2026.02.17	01:58:35.280		153.602			4
2026.02.17	01:58:35.590	153.600	153.603			6
2026.02.17	01:58:37.337		153.604			4
2026.02.17	01:58:40.281	153.601				2
2026.02.17	01:58:40.595		153.605			4
2026.02.17	01:58:44.355	153.600	153.603			6
2026.02.17	01:58:45.415	153.582	153.583			6
2026.02.17	01:58:45.720	153.577	153.579			6
2026.02.17	01:58:46.341	153.565	153.569			6
2026.02.17	01:58:46.648	153.561	153.567			6
2026.02.17	01:58:47.572	153.560	153.561			6
2026.02.17	01:58:47.878	153.552	153.556			6
2026.02.17	01:58:49.303	153.539	153.544			6
2026.02.17	01:58:49.617	153.538				2
2026.02.17	01:58:50.057		153.543			4
2026.02.17	01:58:50.851	153.542	153.546			6
2026.02.17	01:58:51.163	153.550	153.555			6
2026.02.17	01:58:51.479	153.551				2
2026.02.17	01:58:52.176	153.553	153.557			6
2026.02.17	01:58:55.246		153.558			4
2026.02.17	01:58:56.180		153.557			4
2026.02.17	01:58:57.838	153.562	153.567			6
2026.02.17	01:58:59.397	153.561				2
2026.02.17	01:59:00.223	153.562				2
2026.02.17	01:59:00.526	153.561				2
2026.02.17	01:59:01.400	153.562				2
2026.02.17	01:59:02.345	153.564	153.568			6
2026.02.17	01:59:02.652	153.562	153.565			6
2026.02.17	01:59:02.966	153.560				2
2026.02.17	01:59:03.309	153.559	153.564			6
2026.02.17	01:59:03.612	153.558				2
2026.02.17	01:59:04.038	153.559				2
2026.02.17	01:59:04.674	153.558				2
2026.02.17	01:59:04.974	153.559				2
2026.02.17	01:59:05.294	153.558				2
2026.02.17	01:59:05.598	153.557	153.562			6
2026.02.17	01:59:05.900	153.541	153.547			6
2026.02.17	01:59:06.205	153.547	153.550			6
2026.02.17	01:59:06.518	153.557	153.563			6
2026.02.17	01:59:08.779	153.559	153.565			6
2026.02.17	01:59:09.854	153.561	153.567			6
2026.02.17	01:59:10.258	153.566	153.572			6
2026.02.17	01:59:11.526	153.568	153.573			6
2026.02.17	01:59:11.829	153.566	153.572			6
2026.02.17	01:59:12.139	153.550	153.557			6
2026.02.17	01:59:12.458		153.558			4
2026.02.17	01:59:14.246	153.556	153.562			6
2026.02.17	01:59:14.557	153.557				2
2026.02.17	01:59:16.209	153.555				2
2026.02.17	01:59:16.519	153.556				2
2026.02.17	01:59:16.832	153.555	153.561			6
2026.02.17	01:59:17.139	153.562	153.566			6
2026.02.17	01:59:17.441	153.566	153.573			6
2026.02.17	01:59:18.374		153.572			4
2026.02.17	01:59:18.684	153.564	153.570			6
2026.02.17	01:59:18.995		153.569			4
2026.02.17	01:59:19.732	153.566	153.572			6
2026.02.17	01:59:20.043	153.563	153.569			6
2026.02.17	01:59:21.471		153.571			4
2026.02.17	01:59:22.828	153.569	153.575			6
2026.02.17	01:59:23.149		153.576			4
2026.02.17	01:59:23.827	153.571	153.577			6
2026.02.17	01:59:24.295		153.578			4
2026.02.17	01:59:27.782	153.562	153.570			6
2026.02.17	01:59:28.209	153.561	153.569			6
2026.02.17	01:59:28.529	153.559	153.567			6
2026.02.17	01:59:28.842	153.558	153.565			6
2026.02.17	01:59:32.084		153.564			4
2026.02.17	01:59:32.394	153.557				2
2026.02.17	01:59:32.755	153.560	153.567			6
2026.02.17	01:59:33.058	153.561	153.568			6
2026.02.17	01:59:35.956		153.569			4
2026.02.17	01:59:36.344		153.568			4
2026.02.17	01:59:37.085		153.569			4
2026.02.17	01:59:37.429		153.568			4
2026.02.17	01:59:38.374	153.562				2
2026.02.17	01:59:38.875	153.561				2
2026.02.17	01:59:39.626	153.562	153.567			6
2026.02.17	01:59:40.314		153.568			4
2026.02.17	01:59:51.483	153.563	153.569			6
2026.02.17	01:59:52.356	153.562	153.568			6
2026.02.17	01:59:52.826	153.554	153.561			6
2026.02.17	01:59:53.216	153.556	153.562			6
2026.02.17	01:59:53.796	153.555	153.561			6
2026.02.17	01:59:54.100	153.556	153.562			6
2026.02.17	01:59:55.194	153.557	153.563			6
2026.02.17	01:59:56.491	153.558	153.564			6
2026.02.17	01:59:56.827	153.556	153.563			6
2026.02.17	02:00:00.104	153.555	153.558			6
2026.02.17	02:00:00.882	153.545	153.547			6
2026.02.17	02:00:01.186	153.546	153.548			6
2026.02.17	02:00:01.495	153.540	153.543			6
2026.02.17	02:00:01.797		153.542			4
2026.02.17	02:00:02.148	153.537	153.544			6
2026.02.17	02:00:02.496	153.538	153.545			6
2026.02.17	02:00:02.816	153.545	153.549			6
2026.02.17	02:00:03.435		153.550			4
2026.02.17	02:00:04.397	153.541	153.545			6
2026.02.17	02:00:04.700	153.538	153.544			6
2026.02.17	02:00:05.273		153.545			4
2026.02.17	02:00:05.579	153.550	153.554			6
2026.02.17	02:00:05.883	153.548	153.553			6
2026.02.17	02:00:06.215	153.547	153.551			6
2026.02.17	02:00:06.520	153.546	153.552			6
2026.02.17	02:00:07.724	153.547	153.553			6
2026.02.17	02:00:08.037	153.546	153.551			6
2026.02.17	02:00:08.379		153.550			4
2026.02.17	02:00:08.961	153.549	153.553			6
2026.02.17	02:00:09.278	153.546	153.552			6
2026.02.17	02:00:09.893		153.550			4
2026.02.17	02:00:10.278	153.544				2
2026.02.17	02:00:11.333	153.555	153.561			6
2026.02.17	02:00:12.037		153.563			4
2026.02.17	02:00:12.666	153.556	153.564			6
2026.02.17	02:00:14.233	153.558	153.567			6
2026.02.17	02:00:14.547		153.566			4
2026.02.17	02:00:14.852	153.559				2
2026.02.17	02:00:15.158	153.563	153.568			6
2026.02.17	02:00:15.460	153.564	153.570			6
2026.02.17	02:00:16.190	153.562	153.566			6
2026.02.17	02:00:16.498	153.559				2
2026.02.17	02:00:17.442	153.564	153.570			6
2026.02.17	02:00:18.836	153.567	153.576			6
2026.02.17	02:00:19.188	153.564	153.571			6
2026.02.17	02:00:19.814		153.570			4
2026.02.17	02:00:20.460	153.562	153.568			6
2026.02.17	02:00:20.776	153.566	153.571			6
2026.02.17	02:00:21.083	153.565				2
2026.02.17	02:00:22.017	153.566	153.573			6
2026.02.17	02:00:22.321	153.567	153.574			6
2026.02.17	02:00:23.247	153.566	153.572			6
2026.02.17	02:00:23.551		153.571			4
2026.02.17	02:00:24.168	153.565	153.572			6
2026.02.17	02:00:24.472	153.568	153.574			6
2026.02.17	02:00:25.120		153.576			4
2026.02.17	02:00:25.632	153.567	153.575			6
2026.02.17	02:00:25.943		153.576			4
2026.02.17	02:00:26.558	153.566	153.575			6
2026.02.17	02:00:27.484	153.576	153.582			6
2026.02.17	02:00:27.790	153.577	153.584			6
2026.02.17	02:00:28.103		153.583			4
2026.02.17	02:00:28.406	153.568	153.576			6
2026.02.17	02:00:28.708	153.567	153.575			6
2026.02.17	02:00:29.329		153.576			4
2026.02.17	02:00:30.567	153.566	153.575			6
2026.02.17	02:00:30.873	153.567	153.576			6
2026.02.17	02:00:31.495	153.565	153.574			6
2026.02.17	02:00:31.822	153.566	153.573			6
2026.02.17	02:00:33.074	153.565				2
2026.02.17	02:00:33.687	153.562	153.570			6
2026.02.17	02:00:34.683	153.565	153.572			6
2026.02.17	02:00:35.615	153.566	153.575			6
2026.02.17	02:00:36.478	153.576	153.583			6
2026.02.17	02:00:36.784	153.577	153.584			6
2026.02.17	02:00:37.426		153.586			4
2026.02.17	02:00:37.730		153.585			4
2026.02.17	02:00:38.036		153.586			4
2026.02.17	02:00:38.338	153.583	153.589			6
2026.02.17	02:00:38.660	153.577	153.585			6
2026.02.17	02:00:39.729	153.565	153.571			6
2026.02.17	02:00:40.344		153.572			4
2026.02.17	02:00:40.836	153.566	153.575			6
2026.02.17	02:00:41.577	153.567				2
2026.02.17	02:00:42.341	153.568				2
2026.02.17	02:00:43.926	153.576	153.582			6
2026.02.17	02:00:44.879	153.573	153.578			6
2026.02.17	02:00:45.180	153.570	153.579			6
2026.02.17	02:00:45.499	153.571				2
2026.02.17	02:00:45.801	153.573	153.580			6
2026.02.17	02:00:46.105		153.582			4
2026.02.17	02:00:46.447	153.572	153.580			6
2026.02.17	02:00:46.777	153.573	153.581			6
2026.02.17	02:00:47.956	153.575	153.583			6
2026.02.17	02:00:48.262	153.576	153.584			6
2026.02.17	02:00:48.573	153.577	153.585			6
2026.02.17	02:00:49.470	153.578				2
2026.02.17	02:00:49.776	153.577	153.584			6
2026.02.17	02:00:52.349		153.583			4
2026.02.17	02:00:54.542	153.564	153.572			6
2026.02.17	02:00:54.921		153.571			4
2026.02.17	02:00:55.228	153.568	153.573			6
2026.02.17	02:00:55.539		153.575			4
2026.02.17	02:00:56.094	153.567				2
