<DATE>	<TIME>	<BID>	<ASK>	<LAST>	<VOLUME>	<FLAGS>
2026.04.10	00:03:30.550	158.918	158.996			6
2026.04.10	00:04:01.088	158.918				2
2026.04.10	00:04:50.233		158.996			4
2026.04.10	00:05:00.154	158.918				2
2026.04.10	00:05:00.456	158.908	158.999			6
2026.04.10	00:05:01.088	158.951	159.001			6
2026.04.10	00:05:15.576		159.002			4
2026.04.10	00:05:26.171	158.953	159.005			6
2026.04.10	00:05:33.402	158.954	159.002			6
2026.04.10	00:05:37.313		159.004			4
2026.04.10	00:05:40.234	158.955				2
2026.04.10	00:05:50.715	158.956				2
2026.04.10	00:06:00.233	158.956				2
2026.04.10	00:06:08.841	158.958				2
2026.04.10	00:06:27.244		159.002			4
2026.04.10	00:06:34.450		159.004			4
2026.04.10	00:06:44.394	158.960				2
2026.04.10	00:07:00.232	158.960				2
2026.04.10	00:07:05.852	158.959				2
2026.04.10	00:07:40.232		159.004			4
2026.04.10	00:07:44.180	158.971	159.014			6
2026.04.10	00:07:46.371		159.010			4
2026.04.10	00:08:00.221	158.971				2
2026.04.10	00:08:43.564	158.959	159.004			6
2026.04.10	00:08:43.864		159.002			4
2026.04.10	00:08:47.168		159.003			4
2026.04.10	00:08:48.369		159.004			4
2026.04.10	00:09:00.232	158.959				2
2026.04.10	00:09:30.231	158.960				2
2026.04.10	00:09:32.602	158.961				2
2026.04.10	00:09:43.120		159.003			4
2026.04.10	00:09:47.022	158.960				2
2026.04.10	00:09:47.324		159.004			4
2026.04.10	00:10:00.071	158.960				2
2026.04.10	00:10:09.250	158.958				2
2026.04.10	00:10:20.652	158.942	159.008			6
2026.04.10	00:11:00.028	158.942				2
2026.04.10	00:11:14.472	158.951				2
2026.04.10	00:11:15.674	158.955	159.004			6
2026.04.10	00:12:02.667	158.955				2
2026.04.10	00:12:17.067		159.004			4
2026.04.10	00:14:39.175	158.958	159.001			6
2026.04.10	00:14:40.232	158.959				2
2026.04.10	00:15:00.003	158.959				2
2026.04.10	00:15:25.853	158.957	159.003			6
2026.04.10	00:16:03.454	158.957				2
2026.04.10	00:16:07.370	158.955	159.004			6
2026.04.10	00:17:12.346	158.955	159.004			6
2026.04.10	00:18:00.567	158.955				2
2026.04.10	00:18:20.852	158.956	159.004			6
2026.04.10	00:19:05.068	158.956				2
2026.04.10	00:19:26.067		159.004			4
2026.04.10	00:19:47.288	158.958	159.001			6
2026.04.10	00:20:00.233	158.959				2
2026.04.10	00:20:48.870		159.001			4
2026.04.10	00:20:56.678	158.958				2
2026.04.10	00:21:05.668	158.958				2
2026.04.10	00:21:50.246		159.001			4
2026.04.10	00:22:02.442	158.958				2
2026.04.10	00:22:17.894		159.000			4
2026.04.10	00:22:40.232	158.959				2
2026.04.10	00:23:00.232	158.959				2
2026.04.10	00:23:19.467		159.000			4
2026.04.10	00:23:57.852	158.958				2
2026.04.10	00:24:07.282	158.959				2
2026.04.10	00:24:20.232		159.000			4
2026.04.10	00:24:20.534	158.958	159.018			6
2026.04.10	00:24:31.768		159.019			4
2026.04.10	00:24:42.867		159.020			4
2026.04.10	00:24:55.168		159.021			4
2026.04.10	00:25:00.136	158.958				2
2026.04.10	00:25:06.567		159.022			4
2026.04.10	00:25:20.668		159.023			4
2026.04.10	00:25:35.633		159.024			4
2026.04.10	00:25:54.568		159.025			4
2026.04.10	00:26:00.568	158.958				2
2026.04.10	00:26:14.367		159.026			4
2026.04.10	00:26:33.868		159.027			4
2026.04.10	00:26:49.468		159.028			4
2026.04.10	00:27:00.268	158.958				2
2026.04.10	00:27:14.968		159.029			4
2026.04.10	00:28:00.276	158.958				2
2026.04.10	00:28:15.567		159.029			4
2026.04.10	00:29:02.368	158.958				2
2026.04.10	00:29:16.168		159.029			4
2026.04.10	00:29:52.956		159.002			4
2026.04.10	00:29:53.259		159.029			4
2026.04.10	00:29:53.566		159.002			4
2026.04.10	00:29:53.867		159.029			4
2026.04.10	00:29:54.169		159.002			4
2026.04.10	00:29:54.494		159.029			4
2026.04.10	00:29:54.796		159.002			4
2026.04.10	00:29:55.097		159.029			4
2026.04.10	00:29:55.397		159.002			4
2026.04.10	00:29:55.724		159.029			4
2026.04.10	00:29:56.025		159.002			4
2026.04.10	00:29:56.325		159.029			4
2026.04.10	00:30:00.114	158.958				2
2026.04.10	00:30:00.418	158.961				2
2026.04.10	00:30:04.678	158.958				2
2026.04.10	00:30:20.294		159.004			4
2026.04.10	00:30:20.596		159.029			4
2026.04.10	00:30:20.896		159.004			4
2026.04.10	00:30:21.196		159.029			4
2026.04.10	00:30:21.497		159.004			4
2026.04.10	00:30:22.415		159.029			4
2026.04.10	00:30:22.714	158.956	159.004			6
2026.04.10	00:30:23.045		159.029			4
2026.04.10	00:30:23.354		159.004			4
2026.04.10	00:30:23.653		159.029			4
2026.04.10	00:31:00.248	158.956				2
2026.04.10	00:31:24.868		159.029			4
2026.04.10	00:31:32.781	158.954				2
2026.04.10	00:32:01.087	158.954				2
2026.04.10	00:32:26.172		159.029			4
2026.04.10	00:32:37.299	158.960	159.044			6
2026.04.10	00:32:46.979		159.045			4
2026.04.10	00:32:48.868		159.044			4
2026.04.10	00:32:55.469		159.045			4
2026.04.10	00:33:00.233	158.960				2
2026.04.10	00:33:00.868		159.046			4
2026.04.10	00:33:08.972		159.045			4
2026.04.10	00:33:11.669		159.046			4
2026.04.10	00:33:21.271		159.047			4
2026.04.10	00:33:34.468		159.048			4
2026.04.10	00:33:42.268		159.047			4
2026.04.10	00:33:57.268		159.048			4
2026.04.10	00:34:00.568	158.960				2
2026.04.10	00:34:11.669		159.047			4
2026.04.10	00:34:15.267		159.048			4
2026.04.10	00:34:17.367		159.047			4
2026.04.10	00:34:19.468		159.048			4
2026.04.10	00:35:00.437	158.960				2
2026.04.10	00:35:00.738		159.047			4
2026.04.10	00:35:02.100		159.048			4
2026.04.10	00:35:10.448		159.046			4
2026.04.10	00:35:12.078		159.047			4
2026.04.10	00:35:42.567		159.048			4
2026.04.10	00:35:56.673	158.959				2
2026.04.10	00:36:01.167	158.959				2
2026.04.10	00:36:01.469		159.049			4
2026.04.10	00:36:23.971		159.048			4
2026.04.10	00:36:28.168		159.046			4
2026.04.10	00:36:31.467		159.048			4
2026.04.10	00:37:01.589	158.961				2
2026.04.10	00:37:31.979		159.048			4
2026.04.10	00:38:02.967	158.961				2
2026.04.10	00:38:30.569		159.049			4
2026.04.10	00:38:56.852	158.960				2
2026.04.10	00:39:01.768	158.960				2
2026.04.10	00:39:16.887	158.957				2
2026.04.10	00:39:35.967		159.049			4
2026.04.10	00:40:01.168	158.957				2
2026.04.10	00:40:38.672		159.049			4
2026.04.10	00:41:05.367	158.957				2
2026.04.10	00:41:41.369		159.049			4
2026.04.10	00:42:00.567	158.957				2
2026.04.10	00:42:42.010		159.049			4
2026.04.10	00:43:01.467	158.957				2
2026.04.10	00:43:43.167		159.049			4
2026.04.10	00:44:02.444	158.957				2
2026.04.10	00:44:43.467		159.049			4
2026.04.10	00:45:00.265	158.957				2
2026.04.10	00:45:02.178	158.949	159.056			6
2026.04.10	00:45:04.889	158.957	159.049			6
2026.04.10	00:45:56.726	158.958				2
2026.04.10	00:46:05.260	158.958	159.049			6
2026.04.10	00:46:56.673	158.957				2
2026.04.10	00:47:00.567	158.957				2
2026.04.10	00:47:02.178	158.949	159.056			6
2026.04.10	00:47:04.595	158.958	159.050			6
2026.04.10	00:47:04.897	158.957	159.049			6
2026.04.10	00:47:32.278	158.958	159.047			6
2026.04.10	00:47:36.587	158.955				2
2026.04.10	00:48:00.268	158.955				2
2026.04.10	00:48:05.159		159.049			4
2026.04.10	00:48:37.383		159.048			4
2026.04.10	00:48:47.742		159.049			4
2026.04.10	00:49:01.167	158.955				2
2026.04.10	00:49:11.071	158.948				2
2026.04.10	00:49:11.372	158.953				2
2026.04.10	00:49:27.195	158.948				2
2026.04.10	00:49:27.496	158.952				2
2026.04.10	00:49:51.855		159.049			4
2026.04.10	00:49:52.156	158.948				2
2026.04.10	00:49:52.872	158.954				2
2026.04.10	00:50:00.113	158.954				2
2026.04.10	00:50:54.791		159.049			4
2026.04.10	00:51:00.867	158.954				2
2026.04.10	00:51:55.767		159.049			4
2026.04.10	00:52:00.244	158.954				2
2026.04.10	00:52:01.889	158.958				2
2026.04.10	00:52:50.246	158.957				2
2026.04.10	00:52:51.661	158.959				2
2026.04.10	00:53:01.167	158.959	159.049			6
2026.04.10	00:53:22.515	158.958				2
2026.04.10	00:53:31.591		159.047			4
2026.04.10	00:54:00.268	158.958				2
2026.04.10	00:54:34.391		159.047			4
2026.04.10	00:55:02.068	158.958				2
2026.04.10	00:55:09.175	158.953				2
2026.04.10	00:55:09.473	158.958				2
2026.04.10	00:55:18.821	158.957				2
2026.04.10	00:55:31.837		159.049			4
2026.04.10	00:56:00.115	158.957				2
2026.04.10	00:56:31.697		159.048			4
2026.04.10	00:56:55.142	158.958				2
2026.04.10	00:57:00.265	158.958				2
2026.04.10	00:57:05.074	158.956				2
2026.04.10	00:57:31.838		159.048			4
2026.04.10	00:57:35.139	158.955				2
2026.04.10	00:57:36.341	158.956				2
2026.04.10	00:57:51.686	158.959				2
2026.04.10	00:58:00.107	158.959				2
2026.04.10	00:58:25.683		159.039			4
2026.04.10	00:58:57.239		159.047			4
2026.04.10	00:59:00.243	158.959				2
2026.04.10	00:59:17.086	158.957				2
2026.04.10	00:59:26.704	158.959				2
2026.04.10	00:59:35.723		159.039			4
2026.04.10	00:59:38.423	158.949				2
2026.04.10	01:00:00.056	158.949	159.049			6
2026.04.10	01:00:00.356		159.046			4
2026.04.10	01:00:00.654		159.044			4
2026.04.10	01:00:01.856		159.043			4
2026.04.10	01:00:02.160	158.945				2
2026.04.10	01:00:02.456		159.050			4
2026.04.10	01:00:02.756	158.943	159.051			6
2026.04.10	01:00:03.357	158.946	159.054			6
2026.04.10	01:00:03.958	158.944	159.052			6
2026.04.10	01:00:04.861	158.950	159.049			6
2026.04.10	01:00:05.161	158.949	159.048			6
2026.04.10	01:00:05.462		159.049			4
2026.04.10	01:00:06.372		159.046			4
2026.04.10	01:00:07.567		159.043			4
2026.04.10	01:00:08.769		159.036			4
2026.04.10	01:00:10.571		159.037			4
2026.04.10	01:00:11.472		159.036			4
2026.04.10	01:00:12.073		159.037			4
2026.04.10	01:00:12.378		159.036			4
2026.04.10	01:00:15.376		159.040			4
2026.04.10	01:00:19.281	158.953	159.042			6
2026.04.10	01:00:21.982	158.954				2
2026.04.10	01:00:22.886	158.953				2
2026.04.10	01:00:23.185		159.040			4
2026.04.10	01:00:24.692	158.984	158.993			6
2026.04.10	01:00:24.987	158.985	158.994			6
2026.04.10	01:00:25.286	158.984	158.995			6
2026.04.10	01:00:30.096	158.980	158.991			6
2026.04.10	01:00:30.396	158.978	158.989			6
2026.04.10	01:00:34.301	158.977	158.988			6
2026.04.10	01:00:34.605	158.978	158.989			6
2026.04.10	01:00:36.407	158.969	158.980			6
2026.04.10	01:00:36.702	158.965	158.976			6
2026.04.10	01:00:37.303	158.964	158.977			6
2026.04.10	01:00:40.309	158.966	158.975			6
2026.04.10	01:00:40.608	158.967	158.976			6
2026.04.10	01:00:42.410	158.965	158.974			6
2026.04.10	01:00:46.613	158.966	158.975			6
2026.04.10	01:00:46.914	158.968	158.977			6
2026.04.10	01:00:49.615	158.966	158.975			6
2026.04.10	01:01:00.133	158.969	158.977			6
2026.04.10	01:01:00.423	158.974	158.983			6
2026.04.10	01:01:00.723	158.975	158.984			6
2026.04.10	01:01:01.326	158.978	158.987			6
2026.04.10	01:01:01.624	158.979	158.988			6
2026.04.10	01:01:03.728	158.978	158.987			6
2026.04.10	01:01:04.628	158.977	158.986			6
2026.04.10	01:01:05.228	158.978	158.987			6
2026.04.10	01:01:05.531	158.977	158.986			6
2026.04.10	01:01:17.839	158.976	158.985			6
2026.04.10	01:01:27.156	158.977	158.986			6
2026.04.10	01:01:27.460	158.978	158.987			6
2026.04.10	01:01:28.957	158.979	158.988			6
2026.04.10	01:01:30.158	158.977	158.986			6
2026.04.10	01:01:30.463	158.978	158.987			6
2026.04.10	01:01:33.467	158.979	158.988			6
2026.04.10	01:01:38.574	158.978	158.987			6
2026.04.10	01:01:46.996	158.982				2
2026.04.10	01:01:47.296	158.978	158.986			6
2026.04.10	01:01:47.597	158.982	158.987			6
2026.04.10	01:01:47.898	158.978	158.986			6
2026.04.10	01:01:48.199	158.982	158.987			6
2026.04.10	01:01:48.500	158.978	158.986			6
2026.04.10	01:01:48.799	158.983	158.987			6
2026.04.10	01:01:49.099	158.978	158.986			6
2026.04.10	01:01:49.701	158.983	158.987			6
2026.04.10	01:01:50.001	158.978	158.986			6
2026.04.10	01:01:50.305	158.983	158.987			6
2026.04.10	01:01:50.604	158.978	158.986			6
2026.04.10	01:01:50.910		158.987			4
2026.04.10	01:01:56.616	158.987	158.996			6
2026.04.10	01:01:57.517	158.985	158.992			6
2026.04.10	01:01:57.816	158.983				2
2026.04.10	01:01:58.115	158.982	158.991			6
2026.04.10	01:01:59.316	158.984	158.992			6
2026.04.10	01:01:59.616	158.983				2
2026.04.10	01:01:59.917	158.984				2
2026.04.10	01:02:00.218	158.984	158.993			6
2026.04.10	01:02:00.524		158.991			4
2026.04.10	01:02:00.818	158.983	158.992			6
2026.04.10	01:02:01.122	158.984				2
2026.04.10	01:02:03.521		158.991			4
2026.04.10	01:02:05.922		158.993			4
2026.04.10	01:02:06.226	158.986	158.994			6
2026.04.10	01:02:06.524	158.984	158.993			6
2026.04.10	01:02:06.823	158.986	158.995			6
2026.04.10	01:02:08.626	158.985	158.994			6
2026.04.10	01:02:10.728	158.986	158.995			6
2026.04.10	01:02:14.931	158.985	158.994			6
2026.04.10	01:02:15.836	158.984	158.993			6
2026.04.10	01:02:17.037	158.988				2
2026.04.10	01:02:17.336	158.984				2
2026.04.10	01:02:17.635	158.987				2
2026.04.10	01:02:17.935	158.984				2
2026.04.10	01:02:18.235	158.987				2
2026.04.10	01:02:18.535	158.984				2
2026.04.10	01:02:18.835	158.988				2
2026.04.10	01:02:19.435	158.984				2
2026.04.10	01:02:19.735	158.988				2
2026.04.10	01:02:20.036	158.984				2
2026.04.10	01:02:20.336	158.988				2
2026.04.10	01:02:20.637	158.984				2
2026.04.10	01:02:23.339	158.983	158.992			6
2026.04.10	01:02:25.442	158.980	158.987			6
2026.04.10	01:02:25.741		158.989			4
2026.04.10	01:02:37.475	158.981				2
2026.04.10	01:02:41.980		158.988			4
2026.04.10	01:02:43.183	158.978	158.987			6
2026.04.10	01:02:43.783	158.979	158.988			6
2026.04.10	01:02:44.681	158.980				2
2026.04.10	01:02:45.583	158.986	158.992			6
2026.04.10	01:02:45.881	158.985				2
2026.04.10	01:02:46.182	158.983				2
2026.04.10	01:02:46.482	158.984				2
2026.04.10	01:02:49.786	158.983				2
2026.04.10	01:02:50.387		158.991			4
2026.04.10	01:02:50.689	158.984	158.992			6
2026.04.10	01:03:00.001	158.984				2
2026.04.10	01:03:01.804	158.985				2
2026.04.10	01:03:07.511	158.984	158.991			6
2026.04.10	01:03:10.812	158.988	158.992			6
2026.04.10	01:03:11.113	158.987				2
2026.04.10	01:03:18.023	158.983	158.991			6
2026.04.10	01:03:19.224	158.981	158.990			6
2026.04.10	01:03:33.940	158.980	158.989			6
2026.04.10	01:03:42.056	158.981	158.990			6
2026.04.10	01:03:43.856	158.982	158.991			6
2026.04.10	01:03:44.156	158.983	158.992			6
2026.04.10	01:03:45.057	158.984				2
2026.04.10	01:03:47.164	158.985				2
2026.04.10	01:03:49.266		158.993			4
2026.04.10	01:03:55.884	158.986				2
2026.04.10	01:04:00.095	158.986				2
2026.04.10	01:04:22.926	158.985				2
2026.04.10	01:04:23.228	158.986				2
2026.04.10	01:04:49.378		158.993			4
2026.04.10	01:04:55.388	158.985	158.992			6
2026.04.10	01:05:00.201	158.979	158.986			6
2026.04.10	01:05:18.827	158.980	158.987			6
2026.04.10	01:05:19.729	158.979	158.986			6
2026.04.10	01:05:34.148	158.980				2
2026.04.10	01:05:50.078		158.985			4
2026.04.10	01:05:50.378		158.986			4
2026.04.10	01:06:00.287	158.980				2
2026.04.10	01:06:05.999	158.979	158.985			6
2026.04.10	01:06:09.605	158.978	158.984			6
2026.04.10	01:06:14.113	158.979				2
2026.04.10	01:06:27.928	158.980	158.985			6
2026.04.10	01:06:28.529	158.979	158.984			6
2026.04.10	01:06:28.828	158.980	158.985			6
2026.04.10	01:06:29.132	158.979	158.984			6
2026.04.10	01:06:30.633	158.980	158.985			6
2026.04.10	01:06:52.297		158.984			4
2026.04.10	01:07:00.116	158.980				2
2026.04.10	01:07:10.624	158.979	158.983			6
2026.04.10	01:07:26.860	158.980	158.984			6
2026.04.10	01:07:28.060	158.986	158.990			6
2026.04.10	01:07:29.261		158.991			4
2026.04.10	01:07:41.278		158.990			4
2026.04.10	01:08:00.213	158.986				2
2026.04.10	01:08:13.734	158.985	158.989			6
2026.04.10	01:08:18.248	158.986	158.990			6
2026.04.10	01:08:18.551	158.985	158.989			6
2026.04.10	01:08:21.861	158.986	158.990			6
2026.04.10	01:08:23.072	158.985	158.989			6
2026.04.10	01:08:23.372	158.986				2
2026.04.10	01:08:24.271	158.985				2
2026.04.10	01:08:26.380	158.986				2
2026.04.10	01:08:28.187	158.985	158.988			6
2026.04.10	01:08:29.385	158.986	158.989			6
2026.04.10	01:08:31.190	158.985	158.988			6
2026.04.10	01:08:31.791	158.986	158.989			6
2026.04.10	01:08:42.912	158.987	158.990			6
2026.04.10	01:08:45.621	158.986	158.989			6
2026.04.10	01:08:54.028	158.987	158.990			6
2026.04.10	01:08:54.329	158.986	158.989			6
2026.04.10	01:09:00.047	158.986				2
2026.04.10	01:09:01.248	158.987				2
2026.04.10	01:09:34.314		158.988			4
2026.04.10	01:09:34.614	158.988	158.989			6
2026.04.10	01:10:00.166	158.988				2
2026.04.10	01:10:04.675	158.987	158.988			6
2026.04.10	01:10:21.209	158.988	158.989			6
2026.04.10	01:10:22.711	158.987	158.988			6
2026.04.10	01:10:24.212	158.986	158.987			6
2026.04.10	01:10:37.138	158.990	158.991			6
2026.04.10	01:10:37.434	158.991	158.992			6
2026.04.10	01:10:38.337	158.990				2
2026.04.10	01:10:40.146	158.991				2
2026.04.10	01:10:47.066	158.990	158.991			6
2026.04.10	01:10:57.298	158.991	158.992			6
2026.04.10	01:10:58.499	158.994	158.995			6
2026.04.10	01:10:59.100	158.993				2
2026.04.10	01:11:00.014	158.993				2
2026.04.10	01:11:03.307	158.992	158.994			6
2026.04.10	01:11:06.308	158.994	158.996			6
2026.04.10	01:11:06.609	158.993	158.995			6
2026.04.10	01:11:16.522	158.996	158.998			6
2026.04.10	01:11:16.822	158.997	158.999			6
2026.04.10	01:11:17.123		159.000			4
2026.04.10	01:11:21.926	158.998	159.001			6
2026.04.10	01:11:22.832	158.999	159.002			6
2026.04.10	01:11:26.434	158.998	159.001			6
2026.04.10	01:11:32.157	158.997	159.000			6
2026.04.10	01:11:36.674	158.998	159.001			6
2026.04.10	01:11:36.974	158.999	159.002			6
2026.04.10	01:11:37.275	158.998	159.001			6
2026.04.10	01:11:40.884	158.999	159.002			6
2026.04.10	01:11:42.093	159.000	159.003			6
2026.04.10	01:11:42.395	158.999	159.002			6
2026.04.10	01:11:42.693	158.998	159.001			6
2026.04.10	01:11:50.213		159.000			4
2026.04.10	01:11:50.814	158.997	158.999			6
2026.04.10	01:11:51.115		159.000			4
2026.04.10	01:11:52.016	158.991	158.994			6
2026.04.10	01:11:52.318		158.995			4
2026.04.10	01:11:53.221	158.990				2
2026.04.10	01:11:54.422	158.991	158.996			6
2026.04.10	01:11:55.323		158.995			4
2026.04.10	01:11:57.127	158.990	158.994			6
2026.04.10	01:11:58.935	158.991	158.995			6
2026.04.10	01:12:00.137	158.991	158.996			6
2026.04.10	01:12:02.544	158.992	158.997			6
2026.04.10	01:12:04.353	158.994	158.999			6
2026.04.10	01:12:05.248	158.993	158.998			6
2026.04.10	01:12:05.849	158.992	158.997			6
2026.04.10	01:12:06.150	158.993	158.998			6
2026.04.10	01:12:09.165	158.994	158.999			6
2026.04.10	01:12:09.472	158.993	158.998			6
2026.04.10	01:12:14.582	158.994	158.999			6
2026.04.10	01:12:17.895	158.992	158.997			6
2026.04.10	01:12:18.497	158.990	158.995			6
2026.04.10	01:12:18.799	158.989	158.994			6
2026.04.10	01:12:19.699	158.988	158.993			6
2026.04.10	01:12:22.709	158.990	158.995			6
2026.04.10	01:12:29.021	158.991	158.996			6
2026.04.10	01:12:32.325		158.995			4
2026.04.10	01:12:33.228	158.989	158.993			6
2026.04.10	01:12:34.128	158.988	158.992			6
2026.04.10	01:12:37.737	158.991	158.995			6
2026.04.10	01:12:38.033	158.990	158.994			6
2026.04.10	01:12:38.334	158.991	158.995			6
2026.04.10	01:12:48.567	158.992	158.996			6
2026.04.10	01:12:48.862	158.990	158.994			6
2026.04.10	01:12:51.268	158.992	158.996			6
2026.04.10	01:12:54.880	158.993	158.997			6
2026.04.10	01:12:58.487	158.992	158.996			6
2026.04.10	01:13:00.301	158.992				2
2026.04.10	01:13:03.297	158.993	158.997			6
2026.04.10	01:13:10.211		158.996			4
2026.04.10	01:13:13.808	158.994	158.997			6
2026.04.10	01:13:17.115		158.998			4
2026.04.10	01:13:20.121	158.995				2
2026.04.10	01:13:25.823	158.994	158.997			6
2026.04.10	01:13:30.028	158.993	158.996			6
2026.04.10	01:13:36.339	158.990	158.993			6
2026.04.10	01:13:36.638	158.988	158.991			6
2026.04.10	01:13:37.247	158.987	158.992			6
2026.04.10	01:13:38.440	158.992	158.997			6
2026.04.10	01:13:39.343		158.998			4
2026.04.10	01:13:39.945	158.993	158.999			6
2026.04.10	01:13:43.555	158.992	158.998			6
2026.04.10	01:13:48.674	158.993	158.999			6
2026.04.10	01:13:56.197	158.994				2
2026.04.10	01:13:58.000	158.993	158.998			6
2026.04.10	01:13:59.505	158.992	158.997			6
2026.04.10	01:14:00.108	158.992				2
2026.04.10	01:14:01.306	158.993	158.998			6
2026.04.10	01:14:02.815	158.994	158.999			6
2026.04.10	01:14:11.221	158.993	158.998			6
2026.04.10	01:14:15.428	158.994	158.999			6
2026.04.10	01:14:15.724	158.992	158.997			6
2026.04.10	01:14:16.030	158.993	158.998			6
2026.04.10	01:14:16.931	158.994	158.999			6
2026.04.10	01:14:20.236	158.993	158.998			6
2026.04.10	01:14:21.441	158.992	158.997			6
2026.04.10	01:14:23.547	158.993	158.998			6
2026.04.10	01:14:25.350	158.992	158.997			6
2026.04.10	01:14:26.256	158.993	158.998			6
2026.04.10	01:14:27.766	158.994	158.999			6
2026.04.10	01:14:32.875	158.993	158.998			6
2026.04.10	01:14:33.176	158.994	158.999			6
2026.04.10	01:14:38.303	158.995	159.000			6
2026.04.10	01:14:46.716	158.994	158.999			6
2026.04.10	01:14:57.227	158.995				2
2026.04.10	01:14:58.733	158.994	158.998			6
2026.04.10	01:15:00.238	158.994				2
2026.04.10	01:15:00.535	158.995	158.999			6
2026.04.10	01:15:00.841	158.996	159.000			6
2026.04.10	01:15:01.738	158.995	158.999			6
2026.04.10	01:15:23.383	158.996	159.000			6
2026.04.10	01:15:25.792	158.995	158.999			6
2026.04.10	01:15:26.091	158.997	159.001			6
2026.04.10	01:15:30.298		159.000			4
2026.04.10	01:15:30.598	158.996	158.999			6
2026.04.10	01:15:31.499	158.995	158.998			6
2026.04.10	01:15:32.702	158.997	159.000			6
2026.04.10	01:15:40.517	158.996	158.999			6
2026.04.10	01:15:40.815	158.995	158.998			6
2026.04.10	01:15:42.918	158.996	158.999			6
2026.04.10	01:15:48.027	158.997	159.000			6
2026.04.10	01:15:48.632	158.996	158.999			6
2026.04.10	01:15:59.141	158.997				2
2026.04.10	01:16:00.044	158.996	158.998			6
2026.04.10	01:16:00.645	158.998	159.000			6
2026.04.10	01:16:10.263	158.996	158.998			6
2026.04.10	01:16:13.273	158.997	158.999			6
2026.04.10	01:16:21.093	158.996	158.998			6
2026.04.10	01:16:23.204	158.997	158.999			6
2026.04.10	01:16:25.908	158.998	159.000			6
2026.04.10	01:16:26.208	158.997	158.999			6
2026.04.10	01:16:30.720	158.998	159.000			6
2026.04.10	01:16:34.326	158.999				2
2026.04.10	01:16:38.828	159.000	159.001			6
2026.04.10	01:16:40.632	158.984	159.012			6
2026.04.10	01:16:43.643	158.999	159.000			6
2026.04.10	01:16:46.348	159.000	159.001			6
2026.04.10	01:16:46.950	159.001	159.002			6
2026.04.10	01:16:47.551	159.000	159.001			6
2026.04.10	01:16:50.861	158.999	159.000			6
2026.04.10	01:16:52.362	159.000	159.001			6
2026.04.10	01:16:55.370	159.001	159.002			6
2026.04.10	01:16:55.668	159.002	159.003			6
2026.04.10	01:16:55.969	159.001	159.002			6
2026.04.10	01:16:58.070	159.000	159.001			6
2026.04.10	01:16:58.677	158.983	159.010			6
2026.04.10	01:17:00.181	158.983				2
2026.04.10	01:17:00.475	159.001	159.002			6
2026.04.10	01:17:18.208	159.002	159.003			6
2026.04.10	01:17:21.512	159.003	159.004			6
2026.04.10	01:17:26.318	159.002	159.003			6
2026.04.10	01:17:26.917	159.005	159.006			6
2026.04.10	01:17:27.213	159.008	159.009			6
2026.04.10	01:17:28.114	159.007	159.008			6
2026.04.10	01:17:29.613	159.008	159.009			6
2026.04.10	01:17:33.222	159.007	159.008			6
2026.04.10	01:17:40.130	159.006	159.007			6
2026.04.10	01:17:40.428	159.005	159.006			6
2026.04.10	01:17:41.929	159.003	159.004			6
2026.04.10	01:17:42.529	159.002	159.003			6
2026.04.10	01:17:43.428	159.003	159.004			6
2026.04.10	01:17:44.331	159.004	159.005			6
2026.04.10	01:17:47.033	159.003	159.004			6
2026.04.10	01:18:00.251	159.003				2
2026.04.10	01:18:28.799	159.002	159.003			6
2026.04.10	01:18:42.313	159.003	159.004			6
2026.04.10	01:18:53.423	159.002	159.003			6
2026.04.10	01:19:00.029	159.002				2
2026.04.10	01:19:15.659	159.000	159.001			6
2026.04.10	01:19:20.468	159.001	159.002			6
2026.04.10	01:19:38.197	159.000	159.001			6
2026.04.10	01:19:40.300	159.001	159.002			6
2026.04.10	01:19:43.906	159.000	159.001			6
2026.04.10	01:19:46.317	159.003	159.004			6
2026.04.10	01:19:46.612	159.001	159.002			6
2026.04.10	01:19:47.513	159.002	159.003			6
2026.04.10	01:19:59.228	159.003	159.004			6
2026.04.10	01:20:00.126	159.003				2
2026.04.10	01:20:02.227	159.002	159.003			6
2026.04.10	01:20:03.136	159.000	159.001			6
2026.04.10	01:20:17.254	158.999	159.000			6
2026.04.10	01:20:27.471	159.000	159.001			6
2026.04.10	01:20:32.284	158.999	159.000			6
2026.04.10	01:20:32.883	159.000	159.001			6
2026.04.10	01:20:40.989	158.999	159.000			6
2026.04.10	01:20:50.608	159.000	159.001			6
2026.04.10	01:20:52.108	158.999	159.000			6
2026.04.10	01:20:53.609	158.994	158.995			6
2026.04.10	01:20:53.909	158.993	158.994			6
2026.04.10	01:20:55.417	158.994	158.995			6
2026.04.10	01:21:00.220	158.994				2
2026.04.10	01:21:15.548	158.993	158.994			6
2026.04.10	01:21:15.848	158.999	159.000			6
2026.04.10	01:21:16.453	159.000	159.001			6
2026.04.10	01:21:31.481	159.001	159.002			6
2026.04.10	01:21:32.082	159.000	159.001			6
2026.04.10	01:22:00.031	159.000				2
2026.04.10	01:22:14.169	159.001	159.002			6
2026.04.10	01:22:14.474	159.000	159.001			6
2026.04.10	01:22:35.513	158.999	159.000			6
2026.04.10	01:22:35.814	159.000	159.001			6
2026.04.10	01:22:36.114	158.999	159.000			6
2026.04.10	01:22:45.723	159.000	159.001			6
2026.04.10	01:22:53.541	158.999	159.000			6
2026.04.10	01:23:00.159	158.999				2
2026.04.10	01:23:14.875	158.998	158.999			6
2026.04.10	01:23:21.191	158.999	159.000			6
2026.04.10	01:23:23.594	159.000	159.001			6
2026.04.10	01:23:29.910	158.999	159.000			6
2026.04.10	01:23:35.023	158.998	158.999			6
2026.04.10	01:23:40.732	159.001	159.002			6
2026.04.10	01:23:41.633	159.002	159.003			6
2026.04.10	01:23:44.635	159.001	159.002			6
2026.04.10	01:23:44.936	159.002	159.003			6
2026.04.10	01:23:46.137	159.001	159.002			6
2026.04.10	01:23:47.041	159.002	159.003			6
2026.04.10	01:23:47.942	159.001	159.002			6
2026.04.10	01:23:54.854	159.002	159.003			6
2026.04.10	01:23:56.053	159.001	159.002			6
2026.04.10	01:24:00.271	159.001				2
2026.04.10	01:24:05.983	159.002	159.003			6
2026.04.10	01:24:08.686	159.001	159.002			6
2026.04.10	01:24:09.897	159.002	159.003			6
2026.04.10	01:24:27.316	159.001	159.002			6
2026.04.10	01:24:28.820	159.002	159.003			6
2026.04.10	01:24:31.525	159.001	159.002			6
2026.04.10	01:24:33.628	159.002	159.003			6
2026.04.10	01:24:36.623	159.003	159.004			6
2026.04.10	01:24:38.726	159.002	159.003			6
2026.04.10	01:24:49.562	159.001	159.002			6
2026.04.10	01:24:53.179	159.002	159.003			6
2026.04.10	01:25:00.101	159.002				2
2026.04.10	01:25:00.400	159.001	159.002			6
2026.04.10	01:25:08.516	159.002	159.003			6
2026.04.10	01:25:10.919	159.001	159.002			6
2026.04.10	01:25:17.231	159.002	159.003			6
2026.04.10	01:25:27.144	159.003	159.004			6
2026.04.10	01:25:27.444	159.002	159.003			6
2026.04.10	01:25:28.647	159.003	159.004			6
2026.04.10	01:25:30.748	159.002	159.003			6
2026.04.10	01:25:33.155	159.006	159.007			6
2026.04.10	01:25:33.459	159.007	159.008			6
2026.04.10	01:25:34.364	159.008	159.009			6
2026.04.10	01:25:34.658	159.007	159.008			6
2026.04.10	01:25:37.060	159.008	159.009			6
2026.04.10	01:25:37.360	159.007	159.008			6
2026.04.10	01:25:37.661	159.008	159.009			6
2026.04.10	01:25:40.677	159.007	159.008			6
2026.04.10	01:25:44.596	159.008	159.009			6
2026.04.10	01:25:50.905	159.007	159.008			6
2026.04.10	01:25:53.307	159.008	159.009			6
2026.04.10	01:25:57.210	159.007	159.008			6
2026.04.10	01:25:58.112	159.008	159.009			6
2026.04.10	01:26:00.213	159.008				2
2026.04.10	01:26:03.517	159.007	159.008			6
2026.04.10	01:26:08.926	159.008	159.009			6
2026.04.10	01:26:10.131	159.007	159.008			6
2026.04.10	01:26:11.933	159.008	159.009			6
2026.04.10	01:26:12.234	159.007	159.008			6
2026.04.10	01:26:14.339	159.008	159.009			6
2026.04.10	01:26:18.846	159.007	159.008			6
2026.04.10	01:26:20.949	159.014	159.015			6
2026.04.10	01:26:22.152	159.015	159.016			6
2026.04.10	01:26:29.664	159.016	159.017			6
2026.04.10	01:26:30.564	159.015	159.016			6
2026.04.10	01:26:31.165	159.012	159.013			6
2026.04.10	01:26:35.376	159.013	159.014			6
2026.04.10	01:26:38.983	159.012	159.013			6
2026.04.10	01:26:45.896	159.013	159.014			6
2026.04.10	01:26:46.796	159.012	159.013			6
2026.04.10	01:26:51.903	159.013	159.014			6
2026.04.10	01:26:55.510	159.012	159.013			6
2026.04.10	01:26:56.113	159.013	159.014			6
2026.04.10	01:26:58.210	159.012	159.013			6
2026.04.10	01:27:00.011	159.012				2
2026.04.10	01:27:27.363	159.013	159.014			6
2026.04.10	01:27:28.562	159.012	159.013			6
2026.04.10	01:27:30.368	159.013	159.014			6
2026.04.10	01:27:38.494	159.012	159.013			6
2026.04.10	01:27:48.415	159.010	159.011			6
2026.04.10	01:27:49.614	159.011	159.012			6
2026.04.10	01:27:53.218	159.012	159.013			6
2026.04.10	01:28:00.126	159.012				2
2026.04.10	01:28:03.134	159.013	159.014			6
2026.04.10	01:28:04.335	159.012	159.013			6
2026.04.10	01:28:06.738	159.013	159.014			6
2026.04.10	01:28:07.942	159.012	159.013			6
2026.04.10	01:28:28.088	159.013	159.014			6
2026.04.10	01:28:29.295	159.014	159.015			6
2026.04.10	01:28:33.504	159.013	159.014			6
2026.04.10	01:28:39.213	159.014	159.015			6
2026.04.10	01:29:00.244	159.014				2
2026.04.10	01:29:03.252	159.013	159.014			6
2026.04.10	01:29:07.764	159.014	159.015			6
2026.04.10	01:29:08.067	159.013	159.014			6
2026.04.10	01:29:10.468	159.012	159.013			6
2026.04.10	01:29:22.787	159.013	159.014			6
2026.04.10	01:29:26.401	159.012	159.013			6
2026.04.10	01:29:27.612	159.025	159.026			6
2026.04.10	01:29:27.906	159.026	159.027			6
2026.04.10	01:29:28.806	159.025	159.026			6
2026.04.10	01:29:29.109	159.023	159.029			6
2026.04.10	01:29:29.408	159.028	159.034			6
2026.04.10	01:29:29.706	159.029	159.035			6
2026.04.10	01:29:30.007	159.028	159.034			6
2026.04.10	01:29:30.307		159.035			4
2026.04.10	01:29:32.417	159.034	159.041			6
2026.04.10	01:29:32.710	159.035	159.042			6
2026.04.10	01:29:33.311	159.034				2
2026.04.10	01:29:33.610	159.033	159.041			6
2026.04.10	01:29:35.115	159.034				2
2026.04.10	01:29:36.017	159.035	159.042			6
2026.04.10	01:29:40.521		159.041			4
2026.04.10	01:29:42.627	159.036	159.042			6
2026.04.10	01:29:42.922		159.043			4
2026.04.10	01:29:44.126		159.042			4
2026.04.10	01:29:47.131		159.041			4
2026.04.10	01:29:48.032	159.035				2
2026.04.10	01:29:49.233	159.036				2
2026.04.10	01:29:49.835	159.035				2
2026.04.10	01:29:51.037		159.042			4
2026.04.10	01:29:53.438	159.036	159.041			6
2026.04.10	01:29:55.543		159.042			4
2026.04.10	01:29:56.444	159.034	159.040			6
2026.04.10	01:29:56.744	159.035				2
2026.04.10	01:29:57.945	159.036	159.041			6
2026.04.10	01:29:58.849	159.037				2
2026.04.10	01:29:59.146	159.041	159.046			6
2026.04.10	01:29:59.446	159.042				2
2026.04.10	01:30:00.048	159.042				2
2026.04.10	01:30:00.347	159.037	159.043			6
2026.04.10	01:30:00.647	159.035	159.042			6
2026.04.10	01:30:01.247	159.036				2
2026.04.10	01:30:01.847	159.038	159.043			6
2026.04.10	01:30:02.146	159.037				2
2026.04.10	01:30:02.446		159.046			4
2026.04.10	01:30:04.548	159.036	159.045			6
2026.04.10	01:30:04.849		159.044			4
2026.04.10	01:30:05.149		159.043			4
2026.04.10	01:30:06.650	159.035				2
2026.04.10	01:30:06.952	159.036				2
2026.04.10	01:30:07.851	159.037				2
2026.04.10	01:30:09.956	159.036				2
2026.04.10	01:30:11.464	159.035				2
2026.04.10	01:30:12.660	159.034				2
2026.04.10	01:30:13.264		159.041			4
2026.04.10	01:30:13.561	159.033				2
2026.04.10	01:30:13.869	159.032				2
2026.04.10	01:30:14.764	159.031	159.040			6
2026.04.10	01:30:15.665	159.032	159.041			6
2026.04.10	01:30:16.272		159.040			4
2026.04.10	01:30:16.566		159.041			4
2026.04.10	01:30:18.369	159.033				2
2026.04.10	01:30:20.777	159.029	159.034			6
2026.04.10	01:30:21.076	159.027				2
2026.04.10	01:30:21.682	159.028				2
2026.04.10	01:30:23.782		159.035			4
2026.04.10	01:30:24.082	159.029				2
2026.04.10	01:30:24.682		159.036			4
2026.04.10	01:30:24.982		159.035			4
2026.04.10	01:30:26.489	159.028				2
2026.04.10	01:30:27.390	159.029				2
2026.04.10	01:30:28.296	159.028				2
2026.04.10	01:30:28.597	159.030	159.038			6
2026.04.10	01:30:28.896	159.032	159.041			6
2026.04.10	01:30:29.195	159.034	159.042			6
2026.04.10	01:30:30.399	159.035	159.043			6
2026.04.10	01:30:30.698	159.036				2
2026.04.10	01:30:32.800	159.035				2
2026.04.10	01:30:35.506	159.036				2
2026.04.10	01:30:36.707	159.038	159.044			6
2026.04.10	01:30:37.008	159.037				2
2026.04.10	01:30:37.909	159.038	159.047			6
2026.04.10	01:30:38.811	159.039	159.048			6
2026.04.10	01:30:39.110	159.040				2
2026.04.10	01:30:40.010	159.038	159.045			6
2026.04.10	01:30:40.310	159.037				2
2026.04.10	01:30:40.610		159.044			4
2026.04.10	01:30:41.211	159.036	159.041			6
2026.04.10	01:30:42.111	159.035	159.038			6
2026.04.10	01:30:42.412	159.030	159.039			6
2026.04.10	01:30:44.514		159.038			4
2026.04.10	01:30:45.415	159.031				2
2026.04.10	01:30:46.015	159.030				2
2026.04.10	01:30:47.217	159.032				2
2026.04.10	01:30:47.517	159.031				2
2026.04.10	01:30:50.818	159.032				2
2026.04.10	01:30:52.620		159.040			4
2026.04.10	01:30:55.326	159.033				2
2026.04.10	01:30:55.622	159.032				2
2026.04.10	01:30:58.624	159.035	159.043			6
2026.04.10	01:31:00.131	159.035				2
2026.04.10	01:31:00.426	159.036				2
2026.04.10	01:31:00.733	159.035				2
2026.04.10	01:31:01.033	159.036				2
2026.04.10	01:31:01.332	159.037	159.046			6
2026.04.10	01:31:02.231	159.039	159.048			6
2026.04.10	01:31:02.533	159.038	159.046			6
2026.04.10	01:31:03.735		159.045			4
2026.04.10	01:31:05.532	159.037				2
2026.04.10	01:31:06.733	159.038				2
2026.04.10	01:31:07.633	159.037				2
2026.04.10	01:31:07.933	159.036				2
2026.04.10	01:31:08.232	159.037				2
2026.04.10	01:31:08.532		159.046			4
2026.04.10	01:31:10.638		159.045			4
2026.04.10	01:31:10.938		159.044			4
2026.04.10	01:31:14.238	159.053	159.059			6
2026.04.10	01:31:14.540	159.052				2
2026.04.10	01:31:14.840		159.057			4
2026.04.10	01:31:15.139	159.054	159.063			6
2026.04.10	01:31:15.439	159.056				2
2026.04.10	01:31:15.739	159.053	159.058			6
2026.04.10	01:31:16.641	159.042	159.043			6
2026.04.10	01:31:16.940	159.037	159.041			6
2026.04.10	01:31:17.240		159.043			4
2026.04.10	01:31:17.540	159.038	159.042			6
2026.04.10	01:31:17.840		159.043			4
2026.04.10	01:31:18.140	159.039				2
2026.04.10	01:31:18.742		159.044			4
2026.04.10	01:31:20.242	159.032	159.039			6
2026.04.10	01:31:20.542	159.028	159.033			6
2026.04.10	01:31:20.842	159.027				2
2026.04.10	01:31:21.743	159.028				2
2026.04.10	01:31:23.847	159.031	159.037			6
2026.04.10	01:31:24.147	159.030				2
2026.04.10	01:31:25.050	159.031				2
2026.04.10	01:31:26.252		159.036			4
2026.04.10	01:31:29.258	159.033	159.038			6
2026.04.10	01:31:30.459	159.034				2
2026.04.10	01:31:31.967	159.033				2
2026.04.10	01:31:32.863	159.032				2
2026.04.10	01:31:35.865	159.033				2
2026.04.10	01:31:38.273	159.032	159.037			6
2026.04.10	01:31:38.573	159.033				2
2026.04.10	01:31:43.681	159.032				2
2026.04.10	01:31:46.384	159.031				2
2026.04.10	01:31:46.689	159.032				2
2026.04.10	01:31:51.792	159.033	159.038			6
2026.04.10	01:32:00.204	159.033				2
2026.04.10	01:32:08.911	159.032				2
2026.04.10	01:32:09.212	159.033	159.037			6
2026.04.10	01:32:09.814		159.038			4
2026.04.10	01:32:11.317	159.031	159.037			6
2026.04.10	01:32:13.416	159.024	159.028			6
2026.04.10	01:32:13.717	159.023				2
2026.04.10	01:32:14.620	159.025				2
2026.04.10	01:32:14.918	159.023				2
2026.04.10	01:32:15.218	159.024				2
2026.04.10	01:32:16.720		159.030			4
2026.04.10	01:32:18.219	159.023				2
2026.04.10	01:32:18.819		159.029			4
2026.04.10	01:32:20.321	159.024				2
2026.04.10	01:32:23.622	159.023				2
2026.04.10	01:32:25.122		159.030			4
2026.04.10	01:32:25.724		159.029			4
2026.04.10	01:32:26.324	159.027	159.034			6
2026.04.10	01:32:28.728	159.024	159.029			6
2026.04.10	01:32:29.028	159.023	159.030			6
2026.04.10	01:32:29.928		159.029			4
2026.04.10	01:32:32.635		159.030			4
2026.04.10	01:32:41.352		159.032			4
2026.04.10	01:32:46.158	159.024				2
2026.04.10	01:32:48.258	159.025	159.034			6
2026.04.10	01:32:50.664	159.026				2
2026.04.10	01:32:52.466		159.033			4
2026.04.10	01:32:59.377	159.025				2
2026.04.10	01:33:00.287	159.025				2
2026.04.10	01:33:01.781	159.032	159.039			6
2026.04.10	01:33:02.081		159.038			4
2026.04.10	01:33:03.282		159.039			4
2026.04.10	01:33:05.086	159.033	159.040			6
2026.04.10	01:33:05.388		159.039			4
2026.04.10	01:33:07.193		159.038			4
2026.04.10	01:33:07.495		159.039			4
2026.04.10	01:33:08.096		159.038			4
2026.04.10	01:33:08.997	159.032				2
2026.04.10	01:33:12.007		159.039			4
2026.04.10	01:33:12.305		159.038			4
2026.04.10	01:33:14.111		159.041			4
2026.04.10	01:33:15.008		159.038			4
2026.04.10	01:33:23.119		159.041			4
2026.04.10	01:33:30.327	159.031	159.040			6
2026.04.10	01:33:30.628	159.032	159.041			6
2026.04.10	01:33:36.035		159.040			4
2026.04.10	01:33:36.335		159.041			4
2026.04.10	01:33:40.248	159.031	159.040			6
2026.04.10	01:33:41.448	159.032	159.041			6
2026.04.10	01:33:42.952	159.031	159.040			6
2026.04.10	01:33:49.866	159.023	159.031			6
2026.04.10	01:33:54.069	159.022				2
2026.04.10	01:33:54.971		159.030			4
2026.04.10	01:33:56.177	159.024	159.033			6
2026.04.10	01:33:56.474	159.025	159.034			6
2026.04.10	01:33:59.778		159.033			4
2026.04.10	01:34:00.082	159.025				2
2026.04.10	01:34:00.979	159.026				2
2026.04.10	01:34:01.881	159.025				2
2026.04.10	01:34:02.182	159.026				2
2026.04.10	01:34:06.993	159.025				2
2026.04.10	01:34:12.398	159.026				2
2026.04.10	01:34:13.601	159.025				2
2026.04.10	01:34:14.199	159.026				2
2026.04.10	01:34:22.311	159.027	159.034			6
2026.04.10	01:34:23.209	159.031	159.040			6
2026.04.10	01:34:23.815		159.038			4
2026.04.10	01:34:24.113		159.039			4
2026.04.10	01:34:24.413	159.032				2
2026.04.10	01:34:24.716	159.033				2
2026.04.10	01:34:30.121		159.040			4
2026.04.10	01:34:30.425		159.039			4
2026.04.10	01:34:31.018		159.040			4
2026.04.10	01:34:31.318		159.039			4
2026.04.10	01:34:32.518	159.036				2
2026.04.10	01:34:32.820	159.033				2
2026.04.10	01:34:33.122	159.036				2
2026.04.10	01:34:33.425	159.033				2
2026.04.10	01:34:33.723		159.038			4
2026.04.10	01:34:34.027	159.036	159.039			6
2026.04.10	01:34:34.325	159.033				2
2026.04.10	01:34:34.626	159.036				2
2026.04.10	01:34:34.926	159.033				2
2026.04.10	01:34:35.227	159.036				2
2026.04.10	01:34:35.523	159.033				2
2026.04.10	01:34:35.823	159.036				2
2026.04.10	01:34:36.123	159.033				2
2026.04.10	01:34:37.323		159.040			4
2026.04.10	01:34:37.625		159.039			4
2026.04.10	01:34:37.924		159.040			4
2026.04.10	01:34:38.225		159.039			4
2026.04.10	01:34:40.627		159.040			4
2026.04.10	01:34:40.927		159.039			4
2026.04.10	01:34:46.934	159.034	159.040			6
2026.04.10	01:34:47.234	159.033				2
2026.04.10	01:34:48.437		159.039			4
2026.04.10	01:34:50.842	159.034	159.042			6
2026.04.10	01:34:51.146	159.035	159.043			6
2026.04.10	01:34:51.442	159.037	159.045			6
2026.04.10	01:34:51.743	159.035	159.043			6
2026.04.10	01:34:53.547	159.034	159.042			6
2026.04.10	01:35:00.158	159.035	159.043			6
2026.04.10	01:35:00.762	159.034	159.042			6
2026.04.10	01:35:01.661	159.036				2
2026.04.10	01:35:01.961	159.034	159.041			6
2026.04.10	01:35:02.261	159.036	159.042			6
2026.04.10	01:35:02.564	159.034	159.040			6
2026.04.10	01:35:02.864	159.036	159.043			6
2026.04.10	01:35:03.165	159.035	159.041			6
2026.04.10	01:35:03.464	159.036	159.043			6
2026.04.10	01:35:03.768	159.035	159.041			6
2026.04.10	01:35:04.068	159.036	159.043			6
2026.04.10	01:35:04.368	159.035	159.041			6
2026.04.10	01:35:04.669		159.043			4
2026.04.10	01:35:07.972	159.034	159.042			6
2026.04.10	01:35:08.272	159.035	159.043			6
2026.04.10	01:35:08.873	159.034	159.042			6
2026.04.10	01:35:09.774	159.035	159.043			6
2026.04.10	01:35:10.678	159.038	159.046			6
2026.04.10	01:35:19.397	159.039				2
2026.04.10	01:35:19.698	159.038	159.045			6
2026.04.10	01:35:22.097	159.039	159.046			6
2026.04.10	01:35:23.599		159.044			4
2026.04.10	01:35:24.201	159.044	159.050			6
2026.04.10	01:35:24.502	159.045				2
2026.04.10	01:35:25.701		159.049			4
2026.04.10	01:35:26.004		159.050			4
2026.04.10	01:35:29.604		159.049			4
2026.04.10	01:35:29.904		159.050			4
2026.04.10	01:35:30.205		159.049			4
2026.04.10	01:35:30.505		159.050			4
2026.04.10	01:35:30.805		159.049			4
2026.04.10	01:35:32.606	159.044				2
2026.04.10	01:35:33.507	159.045				2
2026.04.10	01:35:34.109	159.044				2
2026.04.10	01:35:34.410	159.045				2
2026.04.10	01:35:34.711	159.044	159.051			6
2026.04.10	01:35:35.611		159.050			4
2026.04.10	01:35:35.912		159.049			4
2026.04.10	01:35:36.213	159.043	159.048			6
2026.04.10	01:35:37.414		159.046			4
2026.04.10	01:35:42.523		159.047			4
2026.04.10	01:35:43.121	159.042				2
2026.04.10	01:35:43.422	159.043				2
2026.04.10	01:35:43.722	159.042				2
2026.04.10	01:35:44.623		159.046			4
2026.04.10	01:35:46.424	159.043	159.047			6
2026.04.10	01:35:49.429		159.046			4
2026.04.10	01:35:49.728	159.042				2
2026.04.10	01:35:52.129	159.045	159.049			6
2026.04.10	01:35:54.231		159.050			4
2026.04.10	01:35:54.531		159.052			4
2026.04.10	01:35:57.837	159.046	159.053			6
2026.04.10	01:36:00.238	159.046				2
2026.04.10	01:36:04.142		159.052			4
2026.04.10	01:36:05.342	159.047	159.053			6
2026.04.10	01:36:05.643	159.046	159.052			6
2026.04.10	01:36:05.943	159.047	159.053			6
2026.04.10	01:36:06.545	159.046	159.052			6
2026.04.10	01:36:10.448	159.047	159.053			6
2026.04.10	01:36:26.969	159.048	159.054			6
2026.04.10	01:36:31.477	159.049	159.055			6
2026.04.10	01:36:31.779	159.048	159.054			6
2026.04.10	01:36:36.596	159.049	159.055			6
2026.04.10	01:36:37.196	159.050				2
2026.04.10	01:36:37.497	159.051	159.056			6
2026.04.10	01:36:40.503	159.050	159.055			6
2026.04.10	01:36:42.306	159.051	159.056			6
2026.04.10	01:36:43.806	159.050	159.055			6
2026.04.10	01:36:44.403	159.051	159.056			6
2026.04.10	01:36:46.207	159.052	159.057			6
2026.04.10	01:36:48.908		159.056			4
2026.04.10	01:36:50.411		159.057			4
2026.04.10	01:36:51.311		159.054			4
2026.04.10	01:36:51.611		159.055			4
2026.04.10	01:36:52.813		159.056			4
2026.04.10	01:36:54.617	159.051				2
2026.04.10	01:36:54.915	159.052				2
2026.04.10	01:36:56.719	159.057	159.061			6
2026.04.10	01:36:57.018	159.058	159.060			6
2026.04.10	01:36:57.319		159.061			4
2026.04.10	01:36:58.520		159.060			4
2026.04.10	01:36:58.821	159.057				2
2026.04.10	01:36:59.423	159.058				2
2026.04.10	01:37:00.022	159.058				2
2026.04.10	01:37:02.725	159.059	159.062			6
2026.04.10	01:37:03.025		159.063			4
2026.04.10	01:37:19.855	159.060	159.064			6
2026.04.10	01:37:20.456		159.065			4
2026.04.10	01:37:27.379	159.061				2
2026.04.10	01:37:27.979	159.060	159.064			6
2026.04.10	01:37:29.782		159.063			4
2026.04.10	01:37:51.113	159.059	159.062			6
2026.04.10	01:38:00.123	159.058	159.061			6
2026.04.10	01:38:00.423	159.059				2
2026.04.10	01:38:08.531		159.062			4
2026.04.10	01:38:09.733	159.060				2
2026.04.10	01:38:43.378	159.059	159.061			6
2026.04.10	01:38:56.306	159.052	159.054			6
2026.04.10	01:38:57.206		159.055			4
2026.04.10	01:39:00.220	159.052				2
2026.04.10	01:39:03.515	159.053	159.056			6
2026.04.10	01:39:08.622		159.055			4
2026.04.10	01:39:10.423		159.056			4
2026.04.10	01:39:11.324		159.055			4
2026.04.10	01:39:13.129	159.057	159.059			6
2026.04.10	01:39:13.425	159.059	159.061			6
2026.04.10	01:39:13.725	159.060	159.062			6
2026.04.10	01:39:14.328		159.063			4
2026.04.10	01:39:27.846	159.059	159.062			6
2026.04.10	01:39:28.147	159.060	159.063			6
2026.04.10	01:39:35.068	159.059	159.062			6
2026.04.10	01:39:38.070	159.060	159.063			6
2026.04.10	01:39:42.277		159.062			4
2026.04.10	01:39:43.778	159.061	159.063			6
2026.04.10	01:39:55.207	159.060	159.062			6
2026.04.10	01:39:57.911	159.061	159.063			6
2026.04.10	01:40:00.013	159.061				2
2026.04.10	01:40:10.222	159.062	159.064			6
2026.04.10	01:40:12.328		159.063			4
2026.04.10	01:40:12.925	159.059	159.060			6
2026.04.10	01:40:15.627	159.061	159.062			6
2026.04.10	01:40:17.431	159.062	159.063			6
2026.04.10	01:40:17.731	159.061	159.062			6
2026.04.10	01:40:18.031	159.062	159.063			6
2026.04.10	01:40:19.234	159.063	159.064			6
2026.04.10	01:40:33.072	159.069	159.070			6
2026.04.10	01:40:37.581	159.070	159.071			6
2026.04.10	01:40:37.881	159.068	159.069			6
2026.04.10	01:40:38.783	159.069	159.070			6
2026.04.10	01:40:45.099	159.068	159.069			6
2026.04.10	01:40:45.400	159.066	159.067			6
2026.04.10	01:40:45.699	159.068	159.069			6
2026.04.10	01:40:47.502	159.067	159.068			6
2026.04.10	01:40:47.801	159.068	159.069			6
2026.04.10	01:40:51.708	159.067	159.068			6
2026.04.10	01:40:59.515	159.066	159.067			6
2026.04.10	01:40:59.819	159.067	159.068			6
2026.04.10	01:41:00.119	159.067				2
2026.04.10	01:41:03.719	159.066	159.067			6
2026.04.10	01:41:04.920	159.067	159.068			6
2026.04.10	01:41:05.221	159.066	159.067			6
2026.04.10	01:41:05.521	159.067	159.068			6
2026.04.10	01:41:07.923	159.066	159.067			6
2026.04.10	01:41:08.222	159.067	159.068			6
2026.04.10	01:41:18.129	159.068	159.069			6
2026.04.10	01:41:18.428	159.067	159.068			6
2026.04.10	01:41:19.629	159.068	159.069			6
2026.04.10	01:41:19.929	159.067	159.068			6
2026.04.10	01:41:20.529	159.066	159.067			6
2026.04.10	01:41:20.830	159.068	159.069			6
2026.04.10	01:41:21.131	159.067	159.068			6
2026.04.10	01:41:22.631	159.065	159.066			6
2026.04.10	01:41:23.233	159.066	159.067			6
2026.04.10	01:41:23.533	159.064	159.065			6
2026.04.10	01:41:24.735	159.063	159.064			6
2026.04.10	01:41:28.938	159.065	159.066			6
2026.04.10	01:41:31.645	159.064	159.065			6
2026.04.10	01:41:31.946	159.065	159.066			6
2026.04.10	01:41:39.463	159.064	159.065			6
2026.04.10	01:41:42.170	159.067	159.068			6
2026.04.10	01:41:42.471	159.068	159.069			6
2026.04.10	01:41:43.372	159.067	159.068			6
2026.04.10	01:41:43.674	159.068	159.069			6
2026.04.10	01:41:44.875	159.067	159.068			6
2026.04.10	01:41:45.177	159.068	159.069			6
2026.04.10	01:41:46.979	159.067	159.068			6
2026.04.10	01:41:50.282	159.066	159.067			6
2026.04.10	01:41:50.582	159.067	159.068			6
2026.04.10	01:41:50.885	159.068	159.069			6
2026.04.10	01:41:51.185	159.067	159.068			6
2026.04.10	01:41:52.688	159.068	159.069			6
2026.04.10	01:41:53.291	159.067	159.068			6
2026.04.10	01:41:54.489	159.068	159.069			6
2026.04.10	01:41:54.788	159.067	159.068			6
2026.04.10	01:41:56.293	159.068	159.069			6
2026.04.10	01:41:57.190	159.067	159.068			6
2026.04.10	01:41:57.792	159.068	159.069			6
2026.04.10	01:41:58.092	159.067	159.068			6
2026.04.10	01:42:00.199	159.067				2
2026.04.10	01:42:00.499	159.068	159.069			6
2026.04.10	01:42:00.800	159.067	159.068			6
2026.04.10	01:42:02.601	159.064	159.065			6
2026.04.10	01:42:03.206	159.065	159.066			6
2026.04.10	01:42:06.805	159.064	159.065			6
2026.04.10	01:42:18.525	159.063	159.064			6
2026.04.10	01:42:19.126	159.064	159.065			6
2026.04.10	01:42:20.027	159.065	159.066			6
2026.04.10	01:42:25.434	159.066	159.067			6
2026.04.10	01:42:26.037	159.067	159.068			6
2026.04.10	01:42:28.137	159.066	159.067			6
2026.04.10	01:42:28.437	159.067	159.068			6
2026.04.10	01:42:29.040	159.066	159.067			6
2026.04.10	01:42:35.348	159.067	159.068			6
2026.04.10	01:42:39.854	159.066	159.067			6
2026.04.10	01:42:41.060	159.065	159.066			6
2026.04.10	01:42:46.478	159.066	159.067			6
2026.04.10	01:42:48.276	159.065	159.066			6
2026.04.10	01:42:48.579	159.066	159.067			6
2026.04.10	01:42:49.482	159.067	159.068			6
2026.04.10	01:42:57.296	159.066	159.067			6
2026.04.10	01:42:59.399	159.067	159.068			6
2026.04.10	01:42:59.702	159.066	159.067			6
2026.04.10	01:43:00.002	159.066				2
2026.04.10	01:43:00.902	159.067	159.068			6
2026.04.10	01:43:06.904	159.066	159.067			6
2026.04.10	01:43:08.407	159.067	159.068			6
2026.04.10	01:43:16.516	159.065	159.066			6
2026.04.10	01:43:18.325	159.066	159.067			6
2026.04.10	01:43:24.029	159.067	159.068			6
2026.04.10	01:43:24.629	159.066	159.067			6
2026.04.10	01:43:25.233	159.067	159.068			6
2026.04.10	01:43:26.129	159.064	159.065			6
2026.04.10	01:43:27.031	159.063	159.064			6
2026.04.10	01:44:00.108	159.063				2
2026.04.10	01:44:02.211	159.062	159.063			6
2026.04.10	01:44:02.514	159.063	159.064			6
2026.04.10	01:44:28.950	159.064	159.065			6
2026.04.10	01:44:44.599	159.063	159.064			6
2026.04.10	01:44:44.900	159.062	159.063			6
2026.04.10	01:44:48.208	159.063	159.064			6
2026.04.10	01:44:48.509	159.064	159.065			6
2026.04.10	01:44:56.026	159.063	159.064			6
2026.04.10	01:45:00.229	159.063				2
2026.04.10	01:45:52.912	159.064	159.065			6
2026.04.10	01:46:00.121	159.064				2
2026.04.10	01:46:04.928	159.063	159.064			6
2026.04.10	01:46:05.228	159.064	159.065			6
2026.04.10	01:46:07.631	159.065	159.066			6
2026.04.10	01:46:07.931	159.074	159.075			6
2026.04.10	01:46:08.231	159.075	159.076			6
2026.04.10	01:46:10.333	159.076	159.077			6
2026.04.10	01:46:11.841	159.075	159.076			6
2026.04.10	01:46:14.246	159.076	159.077			6
2026.04.10	01:46:18.756	159.075	159.076			6
2026.04.10	01:46:19.964	159.076	159.077			6
2026.04.10	01:46:23.879	159.075	159.076			6
2026.04.10	01:46:24.780	159.076	159.077			6
2026.04.10	01:46:33.507	159.075	159.076			6
2026.04.10	01:46:35.611	159.076	159.077			6
2026.04.10	01:46:49.727	159.075	159.076			6
2026.04.10	01:46:51.833	159.074	159.075			6
2026.04.10	01:46:52.434	159.075	159.076			6
2026.04.10	01:46:54.841	159.076	159.077			6
2026.04.10	01:46:56.044	159.075	159.076			6
2026.04.10	01:47:00.258	159.075				2
2026.04.10	01:47:20.400	159.076	159.077			6
2026.04.10	01:47:24.006	159.075	159.076			6
2026.04.10	01:47:25.207	159.076	159.077			6
2026.04.10	01:47:26.710	159.077	159.078			6
2026.04.10	01:47:36.621	159.076	159.077			6
2026.04.10	01:47:36.921	159.078	159.079			6
2026.04.10	01:47:38.422	159.088	159.089			6
2026.04.10	01:47:38.722	159.089	159.090			6
2026.04.10	01:47:39.925	159.088	159.089			6
2026.04.10	01:47:40.524	159.087				2
2026.04.10	01:47:40.825		159.088			4
2026.04.10	01:47:41.125	159.086				2
2026.04.10	01:47:41.425	159.087	159.089			6
2026.04.10	01:47:42.326	159.088	159.090			6
2026.04.10	01:47:42.926	159.087	159.089			6
2026.04.10	01:47:43.226	159.088				2
2026.04.10	01:47:43.527	159.087				2
2026.04.10	01:47:43.827	159.088				2
2026.04.10	01:47:44.428		159.090			4
2026.04.10	01:47:52.541	159.089	159.091			6
2026.04.10	01:47:52.841	159.088	159.090			6
2026.04.10	01:48:00.050	159.088				2
2026.04.10	01:48:00.952	159.089	159.091			6
2026.04.10	01:48:01.252	159.088	159.090			6
2026.04.10	01:48:01.856	159.089	159.091			6
2026.04.10	01:48:02.156		159.090			4
2026.04.10	01:48:02.457	159.090	159.091			6
2026.04.10	01:48:06.074	159.091	159.092			6
2026.04.10	01:48:06.375	159.090	159.091			6
2026.04.10	01:48:09.377	159.097	159.098			6
2026.04.10	01:48:09.678	159.098	159.099			6
2026.04.10	01:48:09.979	159.100	159.101			6
2026.04.10	01:48:10.280	159.101	159.104			6
2026.04.10	01:48:10.580	159.102	159.105			6
2026.04.10	01:48:14.788	159.103	159.106			6
2026.04.10	01:48:15.390	159.102	159.105			6
2026.04.10	01:48:16.593		159.104			4
2026.04.10	01:48:18.697		159.103			4
2026.04.10	01:48:20.806	159.101				2
2026.04.10	01:48:26.216	159.100				2
2026.04.10	01:48:26.817	159.101				2
2026.04.10	01:48:28.319	159.100	159.102			6
2026.04.10	01:48:28.620	159.101				2
2026.04.10	01:48:28.920	159.100				2
2026.04.10	01:48:30.422	159.088	159.089			6
2026.04.10	01:48:30.721	159.087	159.088			6
2026.04.10	01:48:31.321	159.085	159.089			6
2026.04.10	01:48:31.620	159.086	159.090			6
2026.04.10	01:48:32.221	159.085				2
2026.04.10	01:48:37.630		159.089			4
2026.04.10	01:48:38.230		159.090			4
2026.04.10	01:48:38.531		159.089			4
2026.04.10	01:48:38.831		159.090			4
2026.04.10	01:48:43.036		159.089			4
2026.04.10	01:48:43.637		159.090			4
2026.04.10	01:48:50.845	159.082	159.087			6
2026.04.10	01:48:51.145	159.083	159.088			6
2026.04.10	01:48:57.457	159.078	159.083			6
2026.04.10	01:48:57.759	159.077	159.082			6
2026.04.10	01:49:00.165	159.077				2
2026.04.10	01:49:04.972	159.078	159.083			6
2026.04.10	01:49:12.784	159.079				2
2026.04.10	01:49:13.687	159.085	159.090			6
2026.04.10	01:49:15.489	159.086				2
2026.04.10	01:49:15.790	159.085				2
2026.04.10	01:49:20.598		159.089			4
2026.04.10	01:49:21.199		159.090			4
2026.04.10	01:49:32.016	159.078	159.083			6
2026.04.10	01:49:32.316	159.077	159.082			6
2026.04.10	01:49:32.916		159.081			4
2026.04.10	01:49:33.216	159.076				2
2026.04.10	01:49:33.816		159.080			4
2026.04.10	01:49:34.417	159.083	159.089			6
2026.04.10	01:49:34.717	159.084	159.088			6
2026.04.10	01:49:38.020		159.089			4
2026.04.10	01:49:38.620		159.088			4
2026.04.10	01:49:39.821		159.091			4
2026.04.10	01:49:48.832	159.085	159.092			6
2026.04.10	01:49:49.132		159.091			4
2026.04.10	01:49:49.433	159.084	159.090			6
2026.04.10	01:49:49.732	159.085	159.091			6
2026.04.10	01:49:53.637	159.083	159.089			6
2026.04.10	01:49:54.237	159.084	159.090			6
2026.04.10	01:50:00.244	159.084				2
2026.04.10	01:50:00.844	159.086	159.092			6
2026.04.10	01:50:01.145		159.091			4
2026.04.10	01:50:01.745		159.092			4
2026.04.10	01:50:02.046	159.085	159.091			6
2026.04.10	01:50:02.646	159.086	159.092			6
2026.04.10	01:50:03.847	159.085	159.091			6
2026.04.10	01:50:04.447	159.086	159.090			6
2026.04.10	01:50:06.852	159.085				2
2026.04.10	01:50:07.754	159.086				2
2026.04.10	01:50:08.055	159.085				2
2026.04.10	01:50:08.357	159.086				2
2026.04.10	01:50:08.959	159.085				2
2026.04.10	01:50:09.864	159.086				2
2026.04.10	01:50:11.967	159.089	159.094			6
2026.04.10	01:50:12.267	159.090				2
2026.04.10	01:50:17.690	159.092	159.097			6
2026.04.10	01:50:18.893		159.096			4
2026.04.10	01:50:34.522	159.091				2
2026.04.10	01:50:34.822	159.090	159.095			6
2026.04.10	01:50:35.422	159.089	159.094			6
2026.04.10	01:50:35.722	159.090	159.095			6
2026.04.10	01:50:40.833	159.088	159.093			6
2026.04.10	01:50:42.636	159.087	159.092			6
2026.04.10	01:50:52.556	159.086	159.091			6
2026.04.10	01:51:00.068	159.086				2
2026.04.10	01:51:08.180		159.090			4
2026.04.10	01:51:08.480	159.087	159.091			6
2026.04.10	01:51:08.780	159.086	159.090			6
2026.04.10	01:51:09.081	159.087	159.091			6
2026.04.10	01:51:10.281	159.086	159.090			6
2026.04.10	01:51:11.783	159.087	159.091			6
2026.04.10	01:51:12.384	159.086	159.090			6
2026.04.10	01:51:13.886	159.087	159.091			6
2026.04.10	01:51:14.488	159.086	159.090			6
2026.04.10	01:51:15.088	159.087	159.091			6
2026.04.10	01:51:15.690	159.086	159.090			6
2026.04.10	01:51:15.990	159.087	159.091			6
2026.04.10	01:51:16.891	159.086	159.090			6
2026.04.10	01:51:18.998	159.087	159.091			6
2026.04.10	01:51:19.902	159.086	159.090			6
2026.04.10	01:51:20.204	159.087	159.091			6
2026.04.10	01:51:20.505	159.086	159.090			6
2026.04.10	01:51:27.713	159.087	159.091			6
2026.04.10	01:51:28.013	159.086	159.090			6
2026.04.10	01:51:29.220	159.077	159.081			6
2026.04.10	01:51:29.521	159.076	159.080			6
2026.04.10	01:51:30.121	159.075	159.081			6
2026.04.10	01:51:36.126	159.080	159.086			6
2026.04.10	01:51:36.426	159.079	159.085			6
2026.04.10	01:51:36.725	159.080	159.086			6
2026.04.10	01:51:37.327	159.079	159.085			6
2026.04.10	01:51:37.930	159.076	159.082			6
2026.04.10	01:51:39.436	159.077	159.083			6
2026.04.10	01:51:40.636	159.078	159.084			6
2026.04.10	01:51:41.837	159.082	159.088			6
2026.04.10	01:51:42.137	159.083	159.089			6
2026.04.10	01:51:42.437	159.084				2
2026.04.10	01:51:43.339	159.083				2
2026.04.10	01:51:43.639		159.088			4
2026.04.10	01:51:44.842	159.084				2
2026.04.10	01:51:45.141		159.089			4
2026.04.10	01:51:45.743		159.088			4
2026.04.10	01:51:49.048	159.085	159.090			6
2026.04.10	01:51:49.949		159.089			4
2026.04.10	01:51:50.249		159.090			4
2026.04.10	01:51:50.549		159.089			4
2026.04.10	01:51:50.850	159.084				2
2026.04.10	01:51:51.150	159.085	159.090			6
2026.04.10	01:51:51.752		159.089			4
2026.04.10	01:51:52.654	159.084				2
2026.04.10	01:51:52.954	159.085				2
2026.04.10	01:51:53.555		159.090			4
2026.04.10	01:51:53.855		159.089			4
2026.04.10	01:51:54.456		159.090			4
2026.04.10	01:51:54.756		159.089			4
2026.04.10	01:51:55.356		159.090			4
2026.04.10	01:51:55.657		159.089			4
2026.04.10	01:51:59.261		159.091			4
2026.04.10	01:52:00.161	159.085				2
2026.04.10	01:52:04.067	159.084	159.090			6
2026.04.10	01:52:04.367	159.085				2
2026.04.10	01:52:10.077	159.086	159.091			6
2026.04.10	01:52:10.376	159.085	159.090			6
2026.04.10	01:52:17.888	159.086	159.091			6
2026.04.10	01:52:18.188	159.085	159.090			6
2026.04.10	01:52:24.198		159.089			4
2026.04.10	01:52:25.099	159.086	159.090			6
2026.04.10	01:52:25.399	159.085				2
2026.04.10	01:52:26.900	159.086				2
2026.04.10	01:52:27.202	159.085				2
2026.04.10	01:52:27.502	159.086				2
2026.04.10	01:52:27.804	159.085				2
2026.04.10	01:52:28.102		159.089			4
2026.04.10	01:52:28.702	159.086				2
2026.04.10	01:52:29.004	159.085				2
2026.04.10	01:52:30.206	159.086				2
2026.04.10	01:52:31.106		159.090			4
2026.04.10	01:52:31.407		159.089			4
2026.04.10	01:52:31.707		159.090			4
2026.04.10	01:52:34.714	159.085	159.089			6
2026.04.10	01:52:35.015	159.086	159.090			6
2026.04.10	01:52:35.315	159.085	159.089			6
2026.04.10	01:52:35.616	159.086	159.090			6
2026.04.10	01:52:36.516		159.089			4
2026.04.10	01:52:36.819		159.090			4
2026.04.10	01:52:37.118		159.089			4
2026.04.10	01:52:37.418		159.090			4
2026.04.10	01:52:37.718		159.089			4
2026.04.10	01:52:38.619		159.090			4
2026.04.10	01:52:38.920		159.089			4
2026.04.10	01:52:39.520		159.090			4
2026.04.10	01:52:48.231	159.087	159.091			6
2026.04.10	01:52:48.532	159.086	159.090			6
2026.04.10	01:52:51.835	159.085	159.086			6
2026.04.10	01:52:53.937	159.086	159.090			6
2026.04.10	01:52:56.341		159.089			4
2026.04.10	01:53:00.248	159.086				2
2026.04.10	01:53:01.453	159.087	159.090			6
2026.04.10	01:53:01.755	159.086	159.089			6
2026.04.10	01:53:08.969	159.087	159.090			6
2026.04.10	01:53:10.172	159.086	159.089			6
2026.04.10	01:53:10.472	159.087	159.090			6
2026.04.10	01:53:11.072	159.086	159.089			6
2026.04.10	01:53:11.372	159.087	159.090			6
2026.04.10	01:53:11.673	159.086	159.089			6
2026.04.10	01:53:12.273	159.087	159.090			6
2026.04.10	01:53:12.574	159.086	159.089			6
2026.04.10	01:53:19.184	159.087				2
2026.04.10	01:53:20.387	159.086	159.088			6
2026.04.10	01:53:20.686	159.087	159.089			6
2026.04.10	01:53:20.988	159.086	159.088			6
2026.04.10	01:53:21.289	159.087	159.089			6
2026.04.10	01:53:22.194	159.086	159.088			6
2026.04.10	01:53:22.494	159.088	159.090			6
2026.04.10	01:53:23.697	159.087	159.089			6
2026.04.10	01:53:24.297	159.088	159.090			6
2026.04.10	01:53:24.597	159.087	159.089			6
2026.04.10	01:53:25.201	159.088	159.090			6
2026.04.10	01:53:36.921	159.087	159.089			6
2026.04.10	01:53:43.223	159.088				2
2026.04.10	01:54:00.049	159.088				2
2026.04.10	01:54:20.502	159.089	159.090			6
2026.04.10	01:54:21.705	159.088	159.089			6
2026.04.10	01:54:24.708	159.089	159.090			6
2026.04.10	01:54:26.511	159.088	159.089			6
2026.04.10	01:54:32.520	159.089	159.090			6
2026.04.10	01:54:34.621	159.088	159.089			6
2026.04.10	01:54:37.923	159.089	159.090			6
2026.04.10	01:54:38.223	159.088	159.089			6
2026.04.10	01:54:39.125	159.089	159.090			6
2026.04.10	01:54:39.725	159.088	159.089			6
2026.04.10	01:54:44.539	159.089	159.090			6
2026.04.10	01:54:48.748	159.088	159.089			6
2026.04.10	01:54:49.048	159.089	159.090			6
2026.04.10	01:54:50.853	159.088	159.089			6
2026.04.10	01:54:52.060	159.089	159.090			6
2026.04.10	01:55:00.176	159.089				2
2026.04.10	01:55:05.887	159.088	159.089			6
2026.04.10	01:55:22.115	159.086	159.087			6
2026.04.10	01:55:23.014	159.087	159.088			6
2026.04.10	01:55:23.317	159.086	159.087			6
2026.04.10	01:55:23.617	159.087	159.088			6
2026.04.10	01:55:26.020	159.088	159.089			6
2026.04.10	01:55:28.726	159.087	159.088			6
2026.04.10	01:55:29.327	159.088	159.089			6
2026.04.10	01:55:30.228	159.087	159.088			6
2026.04.10	01:55:38.346	159.088	159.089			6
2026.04.10	01:55:45.258	159.087	159.088			6
2026.04.10	01:55:46.459	159.086	159.087			6
2026.04.10	01:55:48.561	159.087	159.088			6
2026.04.10	01:55:56.976	159.088	159.089			6
2026.04.10	01:55:57.277	159.087	159.088			6
2026.04.10	01:55:58.477	159.088	159.089			6
2026.04.10	01:56:00.278	159.088				2
2026.04.10	01:56:05.390	159.089	159.090			6
2026.04.10	01:56:07.798	159.088	159.089			6
2026.04.10	01:56:11.106	159.087	159.088			6
2026.04.10	01:56:17.715	159.088	159.089			6
2026.04.10	01:56:18.016	159.087	159.088			6
2026.04.10	01:56:21.020	159.088	159.089			6
2026.04.10	01:56:21.622	159.089	159.090			6
2026.04.10	01:56:23.728	159.088	159.089			6
2026.04.10	01:56:27.637	159.087	159.088			6
2026.04.10	01:56:33.354	159.086	159.087			6
2026.04.10	01:56:33.655	159.087	159.088			6
2026.04.10	01:56:55.309	159.089	159.090			6
2026.04.10	01:56:56.812	159.092	159.093			6
2026.04.10	01:56:57.113	159.091	159.092			6
2026.04.10	01:57:00.118	159.091				2
2026.04.10	01:57:01.619	159.090	159.091			6
2026.04.10	01:57:01.919	159.089	159.090			6
2026.04.10	01:57:04.323	159.088	159.089			6
2026.04.10	01:57:05.228	159.089	159.090			6
2026.04.10	01:57:07.630	159.088	159.089			6
2026.04.10	01:57:09.132	159.092	159.093			6
2026.04.10	01:57:09.434	159.099	159.100			6
2026.04.10	01:57:28.058	159.100	159.101			6
2026.04.10	01:57:30.163	159.094	159.095			6
2026.04.10	01:57:30.463	159.090	159.091			6
2026.04.10	01:57:31.365	159.088	159.092			6
2026.04.10	01:57:35.576	159.087	159.091			6
2026.04.10	01:57:37.378	159.086	159.090			6
2026.04.10	01:57:37.980	159.087	159.091			6
2026.04.10	01:57:46.705	159.088	159.092			6
2026.04.10	01:57:49.107		159.091			4
2026.04.10	01:57:52.413	159.089	159.092			6
2026.04.10	01:57:52.713	159.088	159.091			6
2026.04.10	01:58:00.222	159.088				2
2026.04.10	01:58:00.522	159.087	159.090			6
2026.04.10	01:58:06.532	159.088	159.091			6
2026.04.10	01:58:08.035	159.087	159.090			6
2026.04.10	01:58:08.635	159.088	159.091			6
2026.04.10	01:58:12.245	159.089				2
2026.04.10	01:58:17.067	159.088	159.090			6
2026.04.10	01:58:32.097		159.089			4
2026.04.10	01:58:41.409	159.087	159.088			6
2026.04.10	01:58:42.010	159.088	159.089			6
2026.04.10	01:58:42.310	159.087	159.088			6
2026.04.10	01:58:43.813	159.088	159.089			6
2026.04.10	01:58:50.420	159.087	159.088			6
2026.04.10	01:59:00.036	159.088	159.089			6
2026.04.10	02:00:00.141	159.088	159.089			6
2026.04.10	02:00:00.745	159.089	159.090			6
2026.04.10	02:00:01.046	159.088	159.089			6
2026.04.10	02:00:05.259	159.089	159.090			6
2026.04.10	02:00:05.559	159.088	159.089			6
2026.04.10	02:00:06.160	159.089	159.090			6
2026.04.10	02:00:06.460	159.091	159.092			6
2026.04.10	02:00:07.362	159.090	159.091			6
2026.04.10	02:00:09.768	159.091	159.092			6
2026.04.10	02:00:10.967	159.090	159.091			6
2026.04.10	02:00:11.268	159.091	159.092			6
2026.04.10	02:00:11.568	159.090	159.091			6
2026.04.10	02:00:11.868	159.089	159.090			6
2026.04.10	02:00:25.103	159.088	159.089			6
2026.04.10	02:00:27.507	159.084	159.085			6
2026.04.10	02:00:28.107	159.085	159.086			6
2026.04.10	02:00:28.407	159.084	159.085			6
2026.04.10	02:00:28.707	159.081	159.082			6
2026.04.10	02:00:29.308	159.082	159.083			6
2026.04.10	02:00:29.608	159.081	159.082			6
2026.04.10	02:00:31.110	159.080	159.081			6
2026.04.10	02:00:32.013	159.081	159.082			6
2026.04.10	02:00:32.613	159.080	159.081			6
2026.04.10	02:00:33.516	159.082	159.083			6
2026.04.10	02:00:34.718	159.081	159.082			6
2026.04.10	02:00:42.527	159.082	159.083			6
2026.04.10	02:00:42.827	159.081	159.082			6
2026.04.10	02:00:43.729	159.082	159.083			6
2026.04.10	02:00:44.328	159.081	159.082			6
2026.04.10	02:00:45.529	159.079	159.080			6
2026.04.10	02:00:45.830	159.082	159.083			6
2026.04.10	02:00:46.129	159.084	159.085			6
2026.04.10	02:00:46.430	159.083	159.084			6
2026.04.10	02:00:46.730	159.084	159.085			6
2026.04.10	02:00:47.030	159.083	159.084			6
2026.04.10	02:00:48.832	159.084	159.085			6
2026.04.10	02:00:51.837	159.083	159.084			6
2026.04.10	02:00:53.038	159.084	159.085			6
2026.04.10	02:00:57.845	159.082	159.083			6
2026.04.10	02:00:58.445	159.083	159.084			6
2026.04.10	02:01:00.250	159.083				2
2026.04.10	02:01:02.656	159.084	159.085			6
2026.04.10	02:01:02.956	159.083	159.084			6
2026.04.10	02:01:04.460	159.088	159.089			6
2026.04.10	02:01:06.262	159.089	159.090			6
2026.04.10	02:01:08.368	159.088	159.089			6
2026.04.10	02:01:08.669	159.086	159.087			6
2026.04.10	02:01:08.970	159.087	159.088			6
2026.04.10	02:01:09.270	159.088	159.089			6
2026.04.10	02:01:18.000	159.089	159.090			6
2026.04.10	02:01:21.907	159.088	159.089			6
2026.04.10	02:01:23.108	159.084	159.085			6
2026.04.10	02:01:23.411	159.081	159.082			6
2026.04.10	02:01:26.713	159.080	159.081			6
2026.04.10	02:01:27.012	159.077	159.078			6
2026.04.10	02:01:27.313	159.078	159.079			6
2026.04.10	02:01:27.613	159.077	159.078			6
2026.04.10	02:01:28.513	159.078	159.079			6
2026.04.10	02:01:30.619	159.077	159.078			6
2026.04.10	02:01:30.919	159.078	159.079			6
2026.04.10	02:01:37.831	159.077	159.078			6
2026.04.10	02:01:38.132	159.078	159.079			6
2026.04.10	02:01:38.432	159.077	159.078			6
2026.04.10	02:01:38.732	159.078	159.079			6
2026.04.10	02:01:39.035	159.077	159.078			6
2026.04.10	02:01:39.936	159.078	159.079			6
2026.04.10	02:01:42.346	159.077	159.078			6
2026.04.10	02:01:42.947	159.078	159.079			6
2026.04.10	02:01:43.248	159.077	159.078			6
2026.04.10	02:01:45.656	159.078	159.079			6
2026.04.10	02:01:45.957	159.077	159.078			6
2026.04.10	02:01:49.266	159.078	159.079			6
2026.04.10	02:01:50.169	159.079	159.080			6
2026.04.10	02:01:50.470	159.078	159.079			6
2026.04.10	02:01:54.074	159.077	159.078			6
2026.04.10	02:01:54.375	159.078	159.079			6
2026.04.10	02:01:56.779	159.077	159.078			6
2026.04.10	02:02:00.084	159.077				2
2026.04.10	02:02:04.589	159.076	159.077			6
2026.04.10	02:02:05.191	159.078	159.079			6
2026.04.10	02:02:05.492	159.077	159.078			6
2026.04.10	02:02:10.900	159.076	159.077			6
2026.04.10	02:02:12.402	159.075	159.076			6
2026.04.10	02:02:12.703	159.076	159.077			6
2026.04.10	02:02:15.707	159.075	159.076			6
2026.04.10	02:02:17.809	159.076	159.077			6
2026.04.10	02:02:20.513	159.075	159.076			6
2026.04.10	02:02:27.118	159.076	159.077			6
2026.04.10	02:02:27.420	159.075	159.076			6
2026.04.10	02:02:28.021	159.076	159.077			6
2026.04.10	02:02:31.023	159.077	159.078			6
2026.04.10	02:02:33.425	159.078	159.079			6
2026.04.10	02:02:33.727	159.077	159.078			6
2026.04.10	02:02:34.329	159.078	159.079			6
2026.04.10	02:02:34.929	159.077	159.078			6
2026.04.10	02:02:35.530	159.078	159.079			6
2026.04.10	02:02:40.041	159.077	159.078			6
2026.04.10	02:02:40.341	159.078	159.079			6
2026.04.10	02:02:40.942	159.077	159.078			6
2026.04.10	02:02:41.544	159.078	159.079			6
2026.04.10	02:02:47.549	159.077	159.078			6
2026.04.10	02:02:50.255	159.078	159.079			6
2026.04.10	02:02:50.858	159.077	159.078			6
2026.04.10	02:02:51.759	159.078	159.079			6
2026.04.10	02:02:52.059	159.077	159.078			6
2026.04.10	02:02:52.360	159.076	159.077			6
2026.04.10	02:02:54.164	159.077	159.078			6
2026.04.10	02:02:55.365	159.076	159.077			6
2026.04.10	02:02:55.665	159.077	159.078			6
2026.04.10	02:02:55.966	159.076	159.077			6
2026.04.10	02:02:57.169	159.077	159.078			6
2026.04.10	02:02:59.572	159.078	159.079			6
2026.04.10	02:03:00.173	159.077	159.078			6
2026.04.10	02:03:01.675	159.078	159.079			6
2026.04.10	02:03:01.975	159.077	159.078			6
2026.04.10	02:03:04.683	159.076	159.077			6
2026.04.10	02:03:04.983	159.077	159.078			6
2026.04.10	02:03:09.495	159.076	159.077			6
2026.04.10	02:03:10.396	159.077	159.078			6
2026.04.10	02:03:13.699	159.076	159.077			6
2026.04.10	02:03:18.507	159.077	159.078			6
2026.04.10	02:03:18.808	159.076	159.077			6
2026.04.10	02:03:19.110	159.077	159.078			6
2026.04.10	02:03:19.411	159.076	159.077			6
2026.04.10	02:03:19.710	159.077	159.078			6
2026.04.10	02:03:20.011	159.076	159.077			6
2026.04.10	02:03:22.413	159.077	159.078			6
2026.04.10	02:03:22.714	159.076	159.077			6
2026.04.10	02:03:25.721	159.077	159.078			6
2026.04.10	02:03:26.020	159.076	159.077			6
2026.04.10	02:03:26.921	159.077	159.078			6
2026.04.10	02:03:27.221	159.076	159.077			6
2026.04.10	02:03:29.022	159.077	159.078			6
2026.04.10	02:03:29.323	159.076	159.077			6
2026.04.10	02:03:37.435	159.077	159.078			6
2026.04.10	02:03:37.736	159.076	159.077			6
2026.04.10	02:03:38.637	159.077	159.078			6
2026.04.10	02:03:40.140	159.076	159.077			6
2026.04.10	02:03:41.344	159.077	159.078			6
2026.04.10	02:03:43.449	159.076	159.077			6
2026.04.10	02:03:44.653	159.077	159.078			6
2026.04.10	02:03:45.254	159.078	159.079			6
2026.04.10	02:03:46.457	159.077	159.078			6
2026.04.10	02:03:57.286	159.078	159.079			6
2026.04.10	02:03:59.392	159.077	159.078			6
2026.04.10	02:04:00.294	159.077				2
2026.04.10	02:04:06.308	159.076	159.077			6
2026.04.10	02:04:12.313	159.077	159.078			6
2026.04.10	02:04:18.322	159.078	159.079			6
2026.04.10	02:04:21.026	159.077	159.078			6
2026.04.10	02:04:24.333	159.078	159.079			6
2026.04.10	02:04:26.135	159.077	159.078			6
2026.04.10	02:04:38.767	159.078	159.079			6
2026.04.10	02:04:39.970	159.077	159.078			6
2026.04.10	02:04:43.576	159.078	159.079			6
2026.04.10	02:04:51.397	159.077	159.078			6
2026.04.10	02:05:00.112	159.077				2
2026.04.10	02:05:27.153	159.078	159.079			6
2026.04.10	02:05:29.862	159.077	159.078			6
2026.04.10	02:05:37.077	159.078	159.079			6
2026.04.10	02:05:37.380	159.077	159.078			6
2026.04.10	02:05:42.497	159.078	159.079			6
2026.04.10	02:05:43.098	159.077	159.078			6
2026.04.10	02:06:00.213	159.077				2
2026.04.10	02:06:04.726	159.080	159.081			6
2026.04.10	02:06:05.022	159.078	159.079			6
2026.04.10	02:06:05.927	159.079	159.080			6
2026.04.10	02:06:07.731	159.078	159.079			6
2026.04.10	02:06:08.334	159.077	159.078			6
2026.04.10	02:06:11.338	159.078	159.079			6
2026.04.10	02:06:14.342	159.077	159.078			6
2026.04.10	02:06:16.445	159.078	159.079			6
2026.04.10	02:06:19.448	159.079	159.080			6
2026.04.10	02:06:19.749	159.078	159.079			6
2026.04.10	02:06:20.048	159.079	159.080			6
2026.04.10	02:06:23.354	159.078	159.079			6
2026.04.10	02:06:23.654	159.079	159.080			6
2026.04.10	02:06:24.255	159.078	159.079			6
2026.04.10	02:06:29.363	159.079	159.080			6
2026.04.10	02:06:30.868	159.088	159.089			6
2026.04.10	02:06:31.169	159.083	159.084			6
2026.04.10	02:06:38.987	159.084	159.085			6
2026.04.10	02:06:39.288	159.083	159.084			6
2026.04.10	02:06:39.588	159.084	159.085			6
2026.04.10	02:06:40.189	159.083	159.084			6
2026.04.10	02:06:40.489	159.082	159.083			6
2026.04.10	02:06:41.390	159.083	159.084			6
2026.04.10	02:06:43.190	159.082	159.083			6
2026.04.10	02:06:46.495	159.083	159.084			6
2026.04.10	02:06:47.997	159.082	159.083			6
2026.04.10	02:06:55.212	159.083	159.084			6
2026.04.10	02:06:55.512	159.082	159.083			6
2026.04.10	02:06:57.613	159.083	159.084			6
2026.04.10	02:06:58.817	159.084	159.085			6
2026.04.10	02:06:59.717	159.083	159.084			6
2026.04.10	02:07:00.018	159.083				2
2026.04.10	02:07:04.520	159.079	159.080			6
2026.04.10	02:07:04.820	159.078	159.079			6
2026.04.10	02:07:08.125	159.080	159.081			6
2026.04.10	02:07:12.329	159.079	159.080			6
2026.04.10	02:07:18.340	159.078	159.079			6
2026.04.10	02:07:21.946	159.077	159.078			6
2026.04.10	02:07:24.050	159.076	159.077			6
2026.04.10	02:07:24.351	159.077	159.078			6
2026.04.10	02:07:26.756	159.078	159.079			6
2026.04.10	02:07:28.263	159.077	159.078			6
2026.04.10	02:07:35.182	159.076	159.077			6
2026.04.10	02:07:36.984	159.077	159.078			6
2026.04.10	02:07:39.992	159.076	159.077			6
2026.04.10	02:07:48.708	159.064	159.065			6
2026.04.10	02:08:00.125	159.064				2
2026.04.10	02:08:01.627	159.065	159.066			6
2026.04.10	02:08:02.528	159.064	159.065			6
2026.04.10	02:08:04.329	159.065	159.066			6
2026.04.10	02:08:05.231	159.064	159.065			6
2026.04.10	02:08:05.531	159.062	159.063			6
2026.04.10	02:08:05.834	159.061	159.062			6
2026.04.10	02:08:08.837	159.062	159.063			6
2026.04.10	02:08:09.138	159.061	159.062			6
2026.04.10	02:08:09.440	159.062	159.063			6
2026.04.10	02:08:09.741	159.061	159.062			6
2026.04.10	02:08:10.042	159.062	159.063			6
2026.04.10	02:08:12.447	159.061	159.062			6
2026.04.10	02:08:13.649	159.062	159.063			6
2026.04.10	02:08:16.653	159.064	159.065			6
2026.04.10	02:08:17.855	159.063	159.064			6
2026.04.10	02:08:20.567	159.062	159.063			6
2026.04.10	02:08:20.867	159.061	159.062			6
2026.04.10	02:08:22.070	159.062	159.063			6
2026.04.10	02:08:29.293	159.061	159.062			6
2026.04.10	02:08:32.000	159.052	159.053			6
2026.04.10	02:08:32.300	159.053	159.054			6
2026.04.10	02:08:32.601	159.052	159.053			6
2026.04.10	02:08:33.202	159.051	159.054			6
2026.04.10	02:08:34.105	159.052				2
2026.04.10	02:08:40.112		159.055			4
2026.04.10	02:08:40.712		159.054			4
2026.04.10	02:08:41.313		159.055			4
2026.04.10	02:08:41.613	159.055	159.058			6
2026.04.10	02:08:41.913	159.056	159.059			6
2026.04.10	02:08:43.114	159.055				2
2026.04.10	02:08:44.917	159.056	159.060			6
2026.04.10	02:08:46.722	159.057	159.061			6
2026.04.10	02:08:48.827	159.056	159.060			6
2026.04.10	02:08:49.130	159.057				2
2026.04.10	02:08:53.338		159.058			4
2026.04.10	02:08:53.639	159.048	159.051			6
2026.04.10	02:08:54.240	159.047				2
2026.04.10	02:09:00.252	159.047				2
2026.04.10	02:09:01.453	159.048	159.052			6
2026.04.10	02:09:04.456	159.049	159.053			6
2026.04.10	02:09:05.059	159.047	159.051			6
2026.04.10	02:09:10.473	159.048	159.052			6
2026.04.10	02:09:18.303		159.051			4
2026.04.10	02:09:24.614	159.059	159.062			6
2026.04.10	02:09:25.214	159.057	159.063			6
2026.04.10	02:09:25.514	159.060	159.066			6
2026.04.10	02:09:25.814		159.065			4
2026.04.10	02:09:27.319		159.067			4
2026.04.10	02:09:28.220		159.065			4
2026.04.10	02:09:33.324		159.066			4
2026.04.10	02:09:38.132	159.056	159.063			6
2026.04.10	02:09:38.433	159.057	159.064			6
2026.04.10	02:09:39.336		159.063			4
2026.04.10	02:09:39.637	159.058	159.064			6
2026.04.10	02:09:45.047	159.059	159.066			6
2026.04.10	02:09:45.347	159.060				2
2026.04.10	02:09:45.646	159.059	159.065			6
2026.04.10	02:09:48.659	159.058	159.062			6
2026.04.10	02:09:51.671	159.052	159.054			6
2026.04.10	02:09:51.971	159.050	159.053			6
2026.04.10	02:09:52.272	159.049				2
2026.04.10	02:09:53.172	159.048	159.052			6
2026.04.10	02:09:53.473	159.047				2
2026.04.10	02:10:00.146	159.047				2
2026.04.10	02:10:00.446	159.048				2
2026.04.10	02:10:00.746		159.053			4
2026.04.10	02:10:02.247	159.049				2
2026.04.10	02:10:02.548	159.048				2
2026.04.10	02:10:08.467	159.049				2
2026.04.10	02:10:20.966		159.055			4
2026.04.10	02:10:22.468	159.048				2
2026.04.10	02:10:22.768	159.049				2
2026.04.10	02:10:23.370	159.048				2
2026.04.10	02:10:24.601	159.049				2
2026.04.10	02:10:27.096	159.050				2
2026.04.10	02:10:31.307	159.049				2
2026.04.10	02:10:37.321	159.050				2
2026.04.10	02:10:55.670	159.051	159.056			6
2026.04.10	02:11:00.190	159.051				2
2026.04.10	02:11:01.095		159.057			4
2026.04.10	02:11:01.394	159.059	159.064			6
2026.04.10	02:11:02.295	159.058	159.065			6
2026.04.10	02:11:08.255	159.061	159.067			6
2026.04.10	02:11:09.156	159.060				2
2026.04.10	02:11:09.457	159.061				2
2026.04.10	02:11:10.062	159.060				2
2026.04.10	02:11:14.569	159.065	159.071			6
2026.04.10	02:11:15.170	159.064				2
2026.04.10	02:11:15.772		159.072			4
2026.04.10	02:11:16.073	159.065				2
2026.04.10	02:11:21.194	159.064	159.070			6
2026.04.10	02:11:21.795	159.063				2
2026.04.10	02:11:22.957		159.069			4
2026.04.10	02:11:24.732	159.064	159.070			6
2026.04.10	02:11:26.424	159.065				2
2026.04.10	02:11:27.324		159.071			4
2026.04.10	02:11:30.026	159.064				2
2026.04.10	02:11:30.927		159.070			4
2026.04.10	02:11:32.330	159.063				2
2026.04.10	02:11:32.630	159.064	159.071			6
2026.04.10	02:11:32.928	159.065				2
2026.04.10	02:11:39.538	159.066	159.072			6
2026.04.10	02:11:39.838	159.070	159.077			6
2026.04.10	02:11:40.138	159.069				2
2026.04.10	02:11:41.342	159.071	159.078			6
2026.04.10	02:11:43.144	159.072				2
2026.04.10	02:11:43.746		159.076			4
2026.04.10	02:11:44.048	159.070	159.077			6
2026.04.10	02:11:44.348	159.071	159.078			6
2026.04.10	02:12:00.294	159.071				2
2026.04.10	02:12:02.699	159.072				2
2026.04.10	02:12:19.827	159.066	159.072			6
2026.04.10	02:12:38.154	159.067				2
2026.04.10	02:12:44.770	159.071	159.076			6
2026.04.10	02:12:45.072	159.072	159.077			6
2026.04.10	02:12:45.374	159.071				2
2026.04.10	02:12:45.673		159.076			4
2026.04.10	02:12:46.275	159.072	159.078			6
2026.04.10	02:12:51.387	159.073				2
2026.04.10	02:13:00.104	159.073				2
2026.04.10	02:13:09.115		159.077			4
2026.04.10	02:13:25.337	159.074				2
2026.04.10	02:13:40.091	159.075				2
2026.04.10	02:13:47.607	159.074	159.076			6
2026.04.10	02:13:49.110	159.073	159.075			6
2026.04.10	02:13:49.409	159.074	159.076			6
2026.04.10	02:13:55.114	159.075	159.077			6
2026.04.10	02:13:56.319		159.076			4
2026.04.10	02:14:00.226	159.075				2
2026.04.10	02:14:00.523	159.076	159.077			6
2026.04.10	02:14:03.224	159.075	159.076			6
2026.04.10	02:14:06.828	159.076	159.077			6
2026.04.10	02:14:08.328	159.075	159.076			6
2026.04.10	02:14:17.948	159.076	159.077			6
2026.04.10	02:14:18.249	159.075	159.076			6
2026.04.10	02:14:27.870	159.088	159.089			6
2026.04.10	02:14:28.170	159.087	159.088			6
2026.04.10	02:14:29.374	159.085	159.091			6
2026.04.10	02:14:36.297	159.084	159.090			6
2026.04.10	02:14:42.609	159.085	159.091			6
2026.04.10	02:14:46.213	159.086				2
2026.04.10	02:14:47.118		159.090			4
2026.04.10	02:14:48.018	159.085				2
2026.04.10	02:14:58.227	159.086	159.091			6
2026.04.10	02:14:58.526		159.090			4
2026.04.10	02:15:00.027	159.086	159.089			6
2026.04.10	02:15:00.631	159.087	159.090			6
2026.04.10	02:15:01.230		159.091			4
2026.04.10	02:15:04.234	159.088				2
2026.04.10	02:15:04.535	159.087	159.090			6
2026.04.10	02:15:04.835		159.091			4
2026.04.10	02:15:06.637	159.086	159.090			6
2026.04.10	02:15:06.938	159.085	159.089			6
2026.04.10	02:15:08.744	159.086				2
2026.04.10	02:15:15.960		159.090			4
2026.04.10	02:15:22.278	159.087				2
2026.04.10	02:15:23.181	159.088				2
2026.04.10	02:15:23.482		159.091			4
2026.04.10	02:15:33.699	159.087	159.090			6
2026.04.10	02:15:37.006	159.088	159.091			6
2026.04.10	02:15:37.306		159.090			4
2026.04.10	02:15:50.223	159.089				2
2026.04.10	02:16:00.141	159.089				2
2026.04.10	02:16:03.447	159.090	159.091			6
2026.04.10	02:16:05.850	159.089	159.090			6
2026.04.10	02:16:06.451	159.090	159.091			6
2026.04.10	02:16:07.351	159.091	159.092			6
2026.04.10	02:16:07.655	159.092	159.093			6
2026.04.10	02:16:08.554	159.091	159.092			6
2026.04.10	02:16:10.055	159.092	159.093			6
2026.04.10	02:16:10.356	159.097	159.098			6
2026.04.10	02:16:10.661	159.094	159.095			6
2026.04.10	02:16:11.261	159.095	159.096			6
2026.04.10	02:16:12.460	159.098	159.099			6
2026.04.10	02:16:12.758	159.099	159.100			6
2026.04.10	02:16:14.863	159.098	159.099			6
2026.04.10	02:16:16.666	159.099	159.100			6
2026.04.10	02:16:25.684	159.096	159.097			6
2026.04.10	02:16:26.284	159.095	159.096			6
2026.04.10	02:16:33.495	159.091	159.092			6
2026.04.10	02:16:33.795	159.090	159.091			6
2026.04.10	02:16:34.095	159.099	159.100			6
2026.04.10	02:16:34.998	159.100	159.101			6
2026.04.10	02:16:35.298	159.097	159.102			6
2026.04.10	02:16:35.598	159.098	159.103			6
2026.04.10	02:16:35.900	159.096	159.101			6
2026.04.10	02:16:36.502	159.095	159.100			6
2026.04.10	02:16:36.802	159.096	159.101			6
2026.04.10	02:16:41.309	159.097				2
2026.04.10	02:16:41.609	159.096	159.100			6
2026.04.10	02:16:41.909	159.097	159.101			6
2026.04.10	02:16:43.112	159.100	159.104			6
2026.04.10	02:16:43.712	159.101	159.105			6
2026.04.10	02:16:44.011	159.100	159.104			6
2026.04.10	02:16:44.312		159.105			4
2026.04.10	02:16:46.115	159.102	159.107			6
2026.04.10	02:16:46.718	159.101	159.106			6
2026.04.10	02:16:47.919	159.102	159.107			6
2026.04.10	02:16:48.218	159.101	159.106			6
2026.04.10	02:16:52.121		159.105			4
2026.04.10	02:16:52.422	159.102	159.106			6
2026.04.10	02:17:00.234	159.102				2
2026.04.10	02:17:07.145	159.103				2
2026.04.10	02:17:08.348	159.105	159.108			6
2026.04.10	02:17:08.644	159.103	159.106			6
2026.04.10	02:17:18.253	159.102	159.105			6
2026.04.10	02:17:21.255		159.104			4
2026.04.10	02:17:31.482	159.103	159.105			6
2026.04.10	02:17:32.384	159.102	159.104			6
2026.04.10	02:17:33.285	159.103	159.105			6
2026.04.10	02:17:34.186		159.104			4
2026.04.10	02:18:00.029	159.103				2
2026.04.10	02:18:05.732	159.104	159.105			6
2026.04.10	02:18:10.837	159.103	159.104			6
2026.04.10	02:18:12.340	159.104	159.105			6
2026.04.10	02:18:15.642	159.103	159.104			6
2026.04.10	02:18:21.652	159.102	159.103			6
2026.04.10	02:18:33.676	159.103	159.104			6
2026.04.10	02:18:34.580	159.102	159.103			6
2026.04.10	02:18:37.288	159.103	159.104			6
2026.04.10	02:18:37.888	159.102	159.103			6
2026.04.10	02:18:40.600	159.103	159.104			6
2026.04.10	02:18:47.516	159.104	159.105			6
2026.04.10	02:18:48.419	159.103	159.104			6
2026.04.10	02:18:53.826	159.104	159.105			6
2026.04.10	02:18:54.127	159.103	159.104			6
2026.04.10	02:18:58.335	159.104	159.105			6
2026.04.10	02:19:00.140	159.104				2
2026.04.10	02:19:04.650	159.103	159.104			6
2026.04.10	02:19:07.354	159.104	159.105			6
2026.04.10	02:19:10.362	159.112	159.113			6
2026.04.10	02:19:10.662	159.114	159.115			6
2026.04.10	02:19:11.266	159.113	159.116			6
2026.04.10	02:19:15.778	159.108	159.111			6
2026.04.10	02:19:16.079	159.109				2
2026.04.10	02:19:16.380	159.108	159.112			6
2026.04.10	02:19:21.187	159.109				2
2026.04.10	02:19:25.998	159.108	159.110			6
2026.04.10	02:19:26.300		159.111			4
2026.04.10	02:19:26.598	159.110	159.113			6
2026.04.10	02:19:32.609	159.109	159.112			6
2026.04.10	02:19:36.213		159.111			4
2026.04.10	02:19:39.519		159.110			4
2026.04.10	02:19:46.131	159.108	159.109			6
2026.04.10	02:19:46.434	159.109	159.110			6
2026.04.10	02:19:48.234	159.110	159.111			6
2026.04.10	02:19:58.155	159.111	159.112			6
2026.04.10	02:20:00.260	159.111				2
2026.04.10	02:20:04.165	159.109	159.110			6
2026.04.10	02:20:08.972	159.110	159.111			6
2026.04.10	02:20:09.271	159.111	159.112			6
2026.04.10	02:20:10.477	159.109	159.110			6
2026.04.10	02:20:11.677	159.110	159.111			6
2026.04.10	02:20:11.978	159.109	159.110			6
2026.04.10	02:20:12.274	159.110	159.111			6
2026.04.10	02:20:21.902	159.111	159.112			6
2026.04.10	02:20:22.202	159.110	159.111			6
2026.04.10	02:20:22.805	159.111	159.112			6
2026.04.10	02:20:29.723	159.110	159.111			6
2026.04.10	02:20:34.523	159.111	159.112			6
2026.04.10	02:20:34.823	159.110	159.111			6
2026.04.10	02:20:35.122	159.111	159.112			6
2026.04.10	02:20:35.424	159.112	159.113			6
2026.04.10	02:20:38.428	159.111	159.112			6
2026.04.10	02:20:47.152	159.114	159.115			6
2026.04.10	02:20:47.453	159.115	159.116			6
2026.04.10	02:20:57.993	159.114	159.115			6
2026.04.10	02:20:58.293	159.115	159.116			6
2026.04.10	02:21:00.098	159.115				2
2026.04.10	02:21:01.306	159.114	159.115			6
2026.04.10	02:21:04.310	159.113	159.114			6
2026.04.10	02:21:07.308	159.114	159.115			6
2026.04.10	02:21:10.612	159.113	159.114			6
2026.04.10	02:21:13.017	159.114	159.115			6
2026.04.10	02:21:14.215	159.115	159.116			6
2026.04.10	02:21:21.725	159.114	159.115			6
2026.04.10	02:21:25.937	159.115	159.116			6
2026.04.10	02:21:31.358	159.114	159.115			6
2026.04.10	02:21:37.976	159.115	159.116			6
2026.04.10	02:21:42.188	159.114	159.115			6
2026.04.10	02:21:42.789	159.113	159.114			6
2026.04.10	02:21:43.088	159.114	159.115			6
2026.04.10	02:21:43.389	159.113	159.114			6
2026.04.10	02:21:48.201	159.112	159.113			6
2026.04.10	02:21:50.609	159.111	159.112			6
2026.04.10	02:21:53.917	159.112	159.113			6
2026.04.10	02:21:54.215	159.107	159.108			6
2026.04.10	02:21:56.321	159.103	159.104			6
2026.04.10	02:21:56.925	159.102	159.103			6
2026.04.10	02:21:57.221	159.103	159.104			6
2026.04.10	02:21:58.125	159.102	159.103			6
2026.04.10	02:21:58.426	159.103	159.104			6
2026.04.10	02:21:59.026	159.102	159.103			6
2026.04.10	02:21:59.626	159.103	159.104			6
2026.04.10	02:21:59.923	159.102	159.103			6
2026.04.10	02:22:00.229	159.102				2
2026.04.10	02:22:01.126	159.103	159.104			6
2026.04.10	02:22:08.937	159.104	159.105			6
2026.04.10	02:22:26.677	159.103	159.104			6
2026.04.10	02:22:35.695	159.104	159.105			6
2026.04.10	02:22:35.992	159.103	159.104			6
2026.04.10	02:22:41.698	159.104	159.105			6
2026.04.10	02:22:43.203	159.103	159.104			6
2026.04.10	02:22:43.804	159.104	159.105			6
2026.04.10	02:22:46.809	159.103	159.104			6
2026.04.10	02:22:47.412	159.102	159.103			6
2026.04.10	02:22:48.013	159.104	159.105			6
2026.04.10	02:22:48.608	159.103	159.104			6
2026.04.10	02:22:48.914	159.104	159.105			6
2026.04.10	02:22:51.311	159.103	159.104			6
2026.04.10	02:22:57.615	159.104	159.105			6
2026.04.10	02:22:57.916	159.103	159.104			6
2026.04.10	02:23:00.018	159.103				2
2026.04.10	02:23:00.619	159.104	159.105			6
2026.04.10	02:23:06.029	159.102	159.103			6
2026.04.10	02:23:06.625	159.103	159.104			6
2026.04.10	02:23:06.925	159.102	159.103			6
2026.04.10	02:23:07.228	159.103	159.104			6
2026.04.10	02:23:07.528	159.102	159.103			6
2026.04.10	02:23:10.229	159.103	159.104			6
2026.04.10	02:23:36.080	159.102	159.103			6
2026.04.10	02:23:41.498	159.103	159.104			6
2026.04.10	02:23:41.792	159.102	159.103			6
2026.04.10	02:23:43.301	159.103	159.104			6
2026.04.10	02:23:43.597	159.102	159.103			6
2026.04.10	02:23:47.204	159.103	159.104			6
2026.04.10	02:23:47.504	159.102	159.103			6
2026.04.10	02:23:51.107	159.103	159.104			6
2026.04.10	02:23:58.618	159.102	159.103			6
2026.04.10	02:23:59.518	159.103	159.104			6
2026.04.10	02:24:00.118	159.103				2
2026.04.10	02:24:10.039	159.102	159.103			6
2026.04.10	02:24:10.334	159.103	159.104			6
2026.04.10	02:24:16.950	159.101	159.102			6
2026.04.10	02:24:24.175	159.102	159.103			6
2026.04.10	02:24:25.073	159.101	159.102			6
2026.04.10	02:24:26.875	159.102	159.103			6
2026.04.10	02:24:27.174	159.093	159.094			6
2026.04.10	02:24:27.776	159.094	159.095			6
2026.04.10	02:24:28.376	159.095	159.096			6
2026.04.10	02:24:28.979	159.094	159.095			6
2026.04.10	02:24:34.700	159.095	159.096			6
2026.04.10	02:24:37.405	159.094	159.095			6
2026.04.10	02:24:42.812	159.095	159.096			6
2026.04.10	02:24:47.322	159.100	159.101			6
2026.04.10	02:24:47.622	159.101	159.102			6
2026.04.10	02:24:49.726	159.103	159.104			6
2026.04.10	02:24:50.326	159.102	159.103			6
2026.04.10	02:24:50.926	159.103	159.104			6
2026.04.10	02:24:52.430	159.102	159.103			6
2026.04.10	02:24:53.934	159.103	159.104			6
2026.04.10	02:24:54.837	159.102	159.103			6
2026.04.10	02:24:57.844	159.091	159.092			6
2026.04.10	02:24:58.141	159.088	159.091			6
2026.04.10	02:24:59.351	159.089				2
2026.04.10	02:25:00.248	159.088	159.090			6
2026.04.10	02:25:00.548	159.087	159.088			6
2026.04.10	02:25:00.850		159.090			4
2026.04.10	02:25:01.149	159.086				2
2026.04.10	02:25:01.750	159.087	159.091			6
2026.04.10	02:25:02.050		159.090			4
2026.04.10	02:25:06.260		159.089			4
2026.04.10	02:25:06.561	159.086	159.088			6
2026.04.10	02:25:07.468		159.087			4
2026.04.10	02:25:07.771		159.090			4
2026.04.10	02:25:08.669		159.087			4
2026.04.10	02:25:12.584	159.087	159.088			6
2026.04.10	02:25:13.492		159.089			4
2026.04.10	02:25:17.105	159.086				2
2026.04.10	02:25:18.301		159.088			4
2026.04.10	02:25:20.710		159.087			4
2026.04.10	02:25:22.813		159.090			4
2026.04.10	02:25:23.113	159.087				2
2026.04.10	02:25:27.621	159.088				2
2026.04.10	02:25:27.921		159.091			4
2026.04.10	02:25:29.123	159.087				2
2026.04.10	02:25:32.426		159.090			4
2026.04.10	02:25:45.048	159.089	159.092			6
2026.04.10	02:25:48.057		159.091			4
2026.04.10	02:25:48.659		159.092			4
2026.04.10	02:25:48.960	159.098	159.101			6
2026.04.10	02:25:49.260	159.097				2
2026.04.10	02:25:49.561	159.095	159.098			6
2026.04.10	02:25:50.163	159.093	159.097			6
2026.04.10	02:25:50.462	159.092				2
2026.04.10	02:25:50.768	159.093				2
2026.04.10	02:25:53.173	159.094				2
2026.04.10	02:26:00.093	159.094				2
2026.04.10	02:26:00.396	159.095	159.099			6
2026.04.10	02:26:10.871		159.096			4
2026.04.10	02:26:13.874	159.096	159.097			6
2026.04.10	02:26:14.174	159.097	159.098			6
2026.04.10	02:26:14.474		159.099			4
2026.04.10	02:26:15.978		159.098			4
2026.04.10	02:26:16.278	159.094	159.096			6
2026.04.10	02:26:17.180	159.091	159.094			6
2026.04.10	02:26:18.380	159.092	159.096			6
2026.04.10	02:26:18.681		159.097			4
2026.04.10	02:26:18.980	159.093				2
2026.04.10	02:26:19.888		159.098			4
2026.04.10	02:26:21.389	159.094	159.099			6
2026.04.10	02:26:27.405		159.097			4
2026.04.10	02:26:29.510	159.093				2
2026.04.10	02:26:31.613		159.096			4
2026.04.10	02:26:31.913	159.092				2
2026.04.10	02:26:32.214	159.093				2
2026.04.10	02:26:40.926	159.089	159.093			6
2026.04.10	02:26:41.227	159.088				2
2026.04.10	02:26:43.632	159.087	159.091			6
2026.04.10	02:26:44.533	159.086	159.090			6
2026.04.10	02:26:44.834	159.085	159.089			6
2026.04.10	02:26:58.662	159.088	159.090			6
2026.04.10	02:26:59.262	159.087				2
2026.04.10	02:26:59.863	159.088	159.089			6
2026.04.10	02:27:00.163	159.087				2
2026.04.10	02:27:00.464		159.091			4
2026.04.10	02:27:00.764	159.088				2
2026.04.10	02:27:01.364	159.087				2
2026.04.10	02:27:03.170	159.088				2
2026.04.10	02:27:03.770	159.087				2
2026.04.10	02:27:04.371	159.088				2
2026.04.10	02:27:05.276	159.087				2
2026.04.10	02:27:06.177	159.088				2
2026.04.10	02:27:06.776	159.087				2
2026.04.10	02:27:07.077	159.088				2
2026.04.10	02:27:07.678	159.087	159.090			6
2026.04.10	02:27:08.580	159.088				2
2026.04.10	02:27:09.480		159.091			4
2026.04.10	02:27:10.081	159.087				2
2026.04.10	02:27:10.381	159.088				2
2026.04.10	02:27:10.983	159.087				2
2026.04.10	02:27:11.282	159.088	159.090			6
2026.04.10	02:27:12.183		159.091			4
2026.04.10	02:27:12.783		159.090			4
2026.04.10	02:27:13.083		159.092			4
2026.04.10	02:27:13.383	159.087				2
2026.04.10	02:27:13.684	159.088				2
2026.04.10	02:27:14.285	159.087				2
2026.04.10	02:27:15.489	159.088				2
2026.04.10	02:27:16.390	159.087				2
2026.04.10	02:27:19.096	159.088				2
2026.04.10	02:27:19.395	159.087				2
2026.04.10	02:27:20.297	159.088				2
2026.04.10	02:27:20.597	159.087				2
2026.04.10	02:27:20.897	159.097	159.102			6
2026.04.10	02:27:21.197	159.098				2
2026.04.10	02:27:21.498	159.097	159.103			6
2026.04.10	02:27:25.104		159.102			4
2026.04.10	02:27:25.404		159.103			4
2026.04.10	02:27:26.005		159.102			4
2026.04.10	02:27:26.606	159.096				2
2026.04.10	02:27:26.906		159.101			4
2026.04.10	02:27:29.993	159.097				2
2026.04.10	02:27:36.011	159.096				2
2026.04.10	02:27:38.113	159.095	159.100			6
2026.04.10	02:27:41.720	159.094				2
2026.04.10	02:27:49.174	159.090	159.094			6
2026.04.10	02:27:49.775	159.089				2
2026.04.10	02:27:50.380	159.090				2
2026.04.10	02:27:55.054	159.089				2
2026.04.10	02:27:55.952	159.090				2
2026.04.10	02:27:56.255	159.089				2
2026.04.10	02:27:57.879	159.090				2
2026.04.10	02:27:58.181	159.089				2
2026.04.10	02:28:00.088	159.090				2
2026.04.10	02:28:00.690	159.089				2
2026.04.10	02:28:02.289		159.096			4
2026.04.10	02:28:02.890	159.084	159.091			6
2026.04.10	02:28:07.698	159.083				2
2026.04.10	02:28:13.412		159.092			4
2026.04.10	02:28:14.312	159.084				2
2026.04.10	02:28:15.215		159.091			4
2026.04.10	02:28:24.823	159.083	159.090			6
2026.04.10	02:28:26.326		159.089			4
2026.04.10	02:28:26.926		159.090			4
2026.04.10	02:28:30.243	159.082				2
2026.04.10	02:28:30.817	159.083				2
2026.04.10	02:28:31.119	159.084				2
2026.04.10	02:28:32.921		159.088			4
2026.04.10	02:28:35.623	159.085	159.089			6
2026.04.10	02:28:40.732		159.088			4
2026.04.10	02:28:41.032	159.084				2
2026.04.10	02:28:44.342		159.089			4
2026.04.10	02:28:46.146	159.085				2
2026.04.10	02:28:58.169	159.081	159.084			6
2026.04.10	02:29:00.273	159.081				2
2026.04.10	02:29:03.284	159.079				2
2026.04.10	02:29:09.671	159.081	159.085			6
2026.04.10	02:29:10.273	159.082				2
2026.04.10	02:29:11.177	159.081				2
2026.04.10	02:29:12.078		159.087			4
2026.04.10	02:29:13.287	159.082				2
2026.04.10	02:29:15.396	159.083	159.088			6
2026.04.10	02:29:17.797	159.082	159.087			6
2026.04.10	02:29:19.302	159.083	159.088			6
2026.04.10	02:29:26.208		159.087			4
2026.04.10	02:29:37.326	159.084				2
2026.04.10	02:29:38.229	159.082	159.085			6
2026.04.10	02:29:40.334	159.083	159.086			6
2026.04.10	02:29:41.836	159.084	159.087			6
2026.04.10	02:29:44.240	159.082	159.085			6
2026.04.10	02:29:44.841	159.083	159.086			6
2026.04.10	02:29:45.743	159.076	159.079			6
2026.04.10	02:29:46.043	159.074	159.077			6
2026.04.10	02:29:47.247	159.072				2
2026.04.10	02:29:49.648	159.073				2
2026.04.10	02:29:59.278		159.078			4
2026.04.10	02:30:00.181	159.073				2
2026.04.10	02:30:00.781		159.079			4
2026.04.10	02:30:01.386	159.074				2
2026.04.10	02:30:06.197	159.073	159.078			6
2026.04.10	02:30:07.103	159.074	159.079			6
2026.04.10	02:30:13.115		159.078			4
2026.04.10	02:30:16.722	159.075	159.079			6
2026.04.10	02:30:18.225	159.074	159.078			6
2026.04.10	02:30:23.330	159.083	159.087			6
2026.04.10	02:30:23.631	159.084	159.088			6
2026.04.10	02:30:23.930	159.085	159.089			6
2026.04.10	02:30:24.233	159.082	159.090			6
2026.04.10	02:30:24.532	159.084	159.092			6
2026.04.10	02:30:29.946	159.085	159.093			6
2026.04.10	02:30:31.752	159.082	159.088			6
2026.04.10	02:30:34.756	159.081	159.082			6
2026.04.10	02:30:35.056	159.074	159.080			6
2026.04.10	02:30:35.360	159.073				2
2026.04.10	02:30:36.560		159.079			4
2026.04.10	02:30:39.868		159.080			4
2026.04.10	02:30:40.769	159.072				2
2026.04.10	02:30:41.670	159.071	159.078			6
2026.04.10	02:30:41.970	159.072				2
2026.04.10	02:30:47.379		159.080			4
2026.04.10	02:30:48.584	159.073				2
2026.04.10	02:30:48.884	159.072				2
2026.04.10	02:30:50.685	159.073				2
2026.04.10	02:30:52.489	159.072				2
2026.04.10	02:30:53.389	159.073				2
2026.04.10	02:31:00.003	159.073				2
2026.04.10	02:31:00.304		159.079			4
2026.04.10	02:31:02.407	159.072				2
2026.04.10	02:31:03.610	159.073				2
2026.04.10	02:31:04.210	159.072				2
2026.04.10	02:31:13.221	159.073				2
2026.04.10	02:31:16.826		159.081			4
2026.04.10	02:31:19.532	159.072	159.080			6
2026.04.10	02:31:22.540	159.073	159.081			6
2026.04.10	02:31:23.443	159.072	159.080			6
2026.04.10	02:31:24.047	159.073				2
2026.04.10	02:31:24.950		159.081			4
2026.04.10	02:31:25.851	159.072	159.080			6
2026.04.10	02:31:29.160	159.073				2
2026.04.10	02:31:31.269	159.075	159.081			6
2026.04.10	02:31:33.374		159.082			4
2026.04.10	02:31:33.675	159.074	159.081			6
2026.04.10	02:31:34.578	159.075	159.082			6
2026.04.10	02:31:42.702	159.074	159.081			6
2026.04.10	02:31:46.304	159.075				2
2026.04.10	02:31:56.221	159.074	159.080			6
2026.04.10	02:31:58.325		159.079			4
2026.04.10	02:32:00.126	159.074				2
2026.04.10	02:32:01.327	159.075	159.080			6
2026.04.10	02:32:07.041	159.076	159.081			6
2026.04.10	02:32:10.047	159.075	159.080			6
2026.04.10	02:32:10.347	159.076				2
2026.04.10	02:32:19.357	159.073	159.077			6
2026.04.10	02:32:19.659	159.074	159.078			6
2026.04.10	02:32:19.960	159.075	159.079			6
2026.04.10	02:32:22.364		159.078			4
2026.04.10	02:32:25.669	159.076	159.079			6
2026.04.10	02:32:33.180		159.078			4
2026.04.10	02:32:41.290		159.077			4
2026.04.10	02:32:48.203	159.077	159.078			6
2026.04.10	02:32:56.019	159.076	159.077			6
2026.04.10	02:32:56.319	159.075	159.076			6
2026.04.10	02:33:00.223	159.075				2
2026.04.10	02:33:00.823	159.062	159.063			6
2026.04.10	02:33:01.123	159.057	159.066			6
2026.04.10	02:33:01.528	159.058				2
2026.04.10	02:33:02.161	159.057				2
2026.04.10	02:33:12.633	159.058				2
2026.04.10	02:33:13.534	159.057				2
2026.04.10	02:33:15.336	159.055	159.063			6
2026.04.10	02:33:15.936	159.062	159.070			6
2026.04.10	02:33:17.138		159.071			4
2026.04.10	02:33:19.203		159.070			4
2026.04.10	02:33:21.607	159.061				2
2026.04.10	02:33:22.208	159.059	159.067			6
2026.04.10	02:33:22.508	159.058				2
2026.04.10	02:33:25.214	159.059	159.068			6
2026.04.10	02:33:34.836	159.058	159.067			6
2026.04.10	02:33:38.207	159.059				2
2026.04.10	02:33:40.008	159.058	159.066			6
2026.04.10	02:33:45.113	159.059	159.067			6
2026.04.10	02:33:46.016	159.058	159.066			6
2026.04.10	02:33:52.327	159.059				2
2026.04.10	02:33:56.234	159.060	159.067			6
2026.04.10	02:34:00.146	159.060				2
2026.04.10	02:34:00.446	159.063	159.070			6
2026.04.10	02:34:00.747	159.064	159.071			6
2026.04.10	02:34:01.047	159.063	159.070			6
2026.04.10	02:34:01.652	159.064	159.071			6
2026.04.10	02:34:03.156	159.063	159.070			6
2026.04.10	02:34:08.269	159.066				2
2026.04.10	02:34:08.570	159.065	159.072			6
2026.04.10	02:34:09.172	159.067	159.074			6
2026.04.10	02:34:09.472	159.068	159.075			6
2026.04.10	02:34:09.773	159.069	159.076			6
2026.04.10	02:34:11.576	159.068	159.075			6
2026.04.10	02:34:16.695		159.074			4
2026.04.10	02:34:16.995		159.075			4
2026.04.10	02:34:20.299	159.071	159.077			6
2026.04.10	02:34:20.601		159.078			4
2026.04.10	02:34:28.033	159.066	159.073			6
2026.04.10	02:34:28.334	159.064	159.071			6
2026.04.10	02:34:28.936	159.063				2
2026.04.10	02:34:30.141		159.070			4
2026.04.10	02:34:34.956	159.061	159.069			6
2026.04.10	02:34:38.273		159.066			4
2026.04.10	02:34:39.906		159.065			4
2026.04.10	02:34:40.207	159.062	159.067			6
2026.04.10	02:34:41.654		159.066			4
2026.04.10	02:34:41.955	159.060				2
2026.04.10	02:34:42.683		159.065			4
2026.04.10	02:34:42.983	159.059				2
2026.04.10	02:34:44.366	159.060	159.066			6
2026.04.10	02:34:47.007	159.059				2
2026.04.10	02:34:47.307	159.060				2
2026.04.10	02:34:47.606	159.059				2
2026.04.10	02:34:48.208		159.065			4
2026.04.10	02:34:50.610	159.060				2
2026.04.10	02:34:51.810		159.066			4
2026.04.10	02:34:56.650	159.061				2
2026.04.10	02:34:56.950	159.060				2
2026.04.10	02:34:59.660	159.061				2
2026.04.10	02:35:00.260	159.061				2
2026.04.10	02:35:09.511		159.067			4
2026.04.10	02:35:15.221	159.062				2
2026.04.10	02:35:21.527	159.061	159.066			6
2026.04.10	02:35:26.033	159.062	159.067			6
2026.04.10	02:35:28.137		159.066			4
2026.04.10	02:35:38.363		159.065			4
2026.04.10	02:35:38.965	159.063	159.066			6
2026.04.10	02:35:44.072	159.062	159.065			6
2026.04.10	02:35:45.277	159.063	159.066			6
2026.04.10	02:35:47.386	159.062	159.065			6
2026.04.10	02:35:48.292		159.064			4
2026.04.10	02:35:50.097	159.063	159.065			6
2026.04.10	02:35:59.107	159.064				2
2026.04.10	02:36:00.007	159.064				2
2026.04.10	02:36:06.318	159.065	159.066			6
2026.04.10	02:36:07.220	159.064	159.065			6
2026.04.10	02:36:07.821	159.065	159.066			6
2026.04.10	02:36:08.121	159.064	159.065			6
2026.04.10	02:36:10.523	159.065	159.066			6
2026.04.10	02:36:13.526	159.064	159.065			6
2026.04.10	02:36:14.427	159.065	159.066			6
2026.04.10	02:36:17.431	159.064	159.065			6
2026.04.10	02:36:19.833	159.063	159.064			6
2026.04.10	02:36:22.235	159.064	159.065			6
2026.04.10	02:36:24.037	159.063	159.064			6
2026.04.10	02:36:27.644	159.064	159.065			6
2026.04.10	02:36:32.149	159.065	159.066			6
2026.04.10	02:36:34.556	159.064	159.065			6
2026.04.10	02:36:37.561	159.066	159.067			6
