<DATE>	<TIME>	<BID>	<ASK>	<LAST>	<VOLUME>	<FLAGS>
2026.04.23	00:03:30.458	159.462	159.528			6
2026.04.23	00:04:00.270	159.462				2
2026.04.23	00:04:25.273	159.463	159.529			6
2026.04.23	00:04:44.566	159.450	159.512			6
2026.04.23	00:04:49.077	159.463	159.521			6
2026.04.23	00:05:00.231	159.463				2
2026.04.23	00:05:00.535	159.471	159.530			6
2026.04.23	00:05:00.837		159.532			4
2026.04.23	00:05:01.439	159.459				2
2026.04.23	00:05:04.476		159.525			4
2026.04.23	00:05:13.503		159.526			4
2026.04.23	00:05:57.180		159.525			4
2026.04.23	00:06:00.198	159.459				2
2026.04.23	00:06:57.416		159.525			4
2026.04.23	00:07:00.128	159.459				2
2026.04.23	00:07:57.642		159.525			4
2026.04.23	00:08:00.057	159.459				2
2026.04.23	00:08:57.893		159.525			4
2026.04.23	00:09:00.001	159.459				2
2026.04.23	00:09:12.048		159.526			4
2026.04.23	00:09:18.366		159.525			4
2026.04.23	00:10:00.245	159.458	159.531			6
2026.04.23	00:10:03.250	159.459	159.532			6
2026.04.23	00:10:04.453	159.460	159.530			6
2026.04.23	00:10:06.858	159.476	159.542			6
2026.04.23	00:10:15.285	159.460	159.530			6
2026.04.23	00:10:15.886	159.467	159.554			6
2026.04.23	00:10:16.186	159.478				2
2026.04.23	00:10:18.296	159.477	159.556			6
2026.04.23	00:10:19.498	159.457				2
2026.04.23	00:10:20.700	159.477				2
2026.04.23	00:10:23.127	159.478	159.557			6
2026.04.23	00:10:23.729	159.455	159.554			6
2026.04.23	00:10:24.629	159.478	159.557			6
2026.04.23	00:10:25.230	159.461				2
2026.04.23	00:10:25.530	159.457	159.556			6
2026.04.23	00:10:26.732	159.463	159.557			6
2026.04.23	00:10:27.038	159.477	159.558			6
2026.04.23	00:10:27.641	159.463	159.557			6
2026.04.23	00:10:28.544	159.477	159.558			6
2026.04.23	00:10:30.049	159.473	159.557			6
2026.04.23	00:10:30.650	159.477				2
2026.04.23	00:10:30.950	159.456	159.555			6
2026.04.23	00:10:31.553	159.475	159.558			6
2026.04.23	00:10:34.258	159.456	159.555			6
2026.04.23	00:10:34.860	159.461	159.557			6
2026.04.23	00:10:35.162	159.477	159.558			6
2026.04.23	00:10:37.564	159.457	159.556			6
2026.04.23	00:10:38.766	159.475	159.557			6
2026.04.23	00:10:43.874	159.469	159.558			6
2026.04.23	00:10:45.377	159.471	159.557			6
2026.04.23	00:10:45.677	159.468	159.554			6
2026.04.23	00:10:52.897	159.469				2
2026.04.23	00:10:53.799	159.473	159.551			6
2026.04.23	00:10:58.861		159.552			4
2026.04.23	00:11:00.065	159.473	159.554			6
2026.04.23	00:11:00.364		159.552			4
2026.04.23	00:11:00.665		159.553			4
2026.04.23	00:11:01.265		159.552			4
2026.04.23	00:11:03.171		159.554			4
2026.04.23	00:11:11.469		159.553			4
2026.04.23	00:11:17.770		159.554			4
2026.04.23	00:11:18.371		159.555			4
2026.04.23	00:11:45.471	159.475				2
2026.04.23	00:11:57.782		159.524			4
2026.04.23	00:11:58.085	159.464	159.529			6
2026.04.23	00:12:00.060	159.464				2
2026.04.23	00:12:06.360		159.532			4
2026.04.23	00:12:43.802	159.458	159.504			6
2026.04.23	00:13:00.060	159.458				2
2026.04.23	00:13:20.532	159.466				2
2026.04.23	00:13:30.836	159.447	159.510			6
2026.04.23	00:13:31.748	159.446				2
2026.04.23	00:13:32.764		159.511			4
2026.04.23	00:13:52.861	159.409	159.479			6
2026.04.23	00:13:53.385	159.416				2
2026.04.23	00:13:55.492	159.426	159.500			6
2026.04.23	00:14:00.298	159.426				2
2026.04.23	00:14:00.899	159.417	159.480			6
2026.04.23	00:14:01.803	159.421				2
2026.04.23	00:14:03.004	159.414	159.465			6
2026.04.23	00:14:03.309	159.413				2
2026.04.23	00:14:04.513	159.403	159.461			6
2026.04.23	00:14:04.814	159.380				2
2026.04.23	00:14:05.433	159.389				2
2026.04.23	00:14:05.744		159.460			4
2026.04.23	00:14:10.258		159.462			4
2026.04.23	00:14:10.558	159.388				2
2026.04.23	00:14:12.665	159.390	159.460			6
2026.04.23	00:14:18.687		159.476			4
2026.04.23	00:14:18.988	159.397	159.495			6
2026.04.23	00:14:21.397	159.411	159.501			6
2026.04.23	00:14:24.403	159.412				2
2026.04.23	00:14:28.933	159.433	159.491			6
2026.04.23	00:14:35.250	159.429				2
2026.04.23	00:14:43.967	159.430				2
2026.04.23	00:14:56.007	159.427				2
2026.04.23	00:14:56.615		159.486			4
2026.04.23	00:15:00.229	159.427				2
2026.04.23	00:15:03.545	159.430				2
2026.04.23	00:15:07.757	159.424				2
2026.04.23	00:15:10.463	159.435				2
2026.04.23	00:15:30.575	159.436	159.491			6
2026.04.23	00:16:00.211	159.436				2
2026.04.23	00:16:30.363		159.489			4
2026.04.23	00:17:00.233	159.436				2
2026.04.23	00:17:30.860		159.489			4
2026.04.23	00:18:00.661	159.436				2
2026.04.23	00:18:34.860		159.489			4
2026.04.23	00:19:02.460	159.436				2
2026.04.23	00:19:09.625	159.449	159.484			6
2026.04.23	00:19:14.737	159.450	159.498			6
2026.04.23	00:19:15.038	159.446				2
2026.04.23	00:19:39.664	159.448				2
2026.04.23	00:19:43.871	159.447				2
2026.04.23	00:19:49.589	159.449				2
2026.04.23	00:20:00.129	159.449				2
2026.04.23	00:20:00.429	159.446				2
2026.04.23	00:20:14.928		159.498			4
2026.04.23	00:20:18.023		159.500			4
2026.04.23	00:21:00.232	159.446				2
2026.04.23	00:21:18.060		159.500			4
2026.04.23	00:21:45.230		159.505			4
2026.04.23	00:22:00.232	159.446				2
2026.04.23	00:22:45.660		159.505			4
2026.04.23	00:22:47.646	159.434	159.480			6
2026.04.23	00:23:00.234	159.434				2
2026.04.23	00:23:01.285	159.436	159.491			6
2026.04.23	00:24:00.240	159.436				2
2026.04.23	00:24:01.561		159.491			4
2026.04.23	00:25:00.368	159.436				2
2026.04.23	00:25:01.569		159.491			4
2026.04.23	00:26:00.622	159.436				2
2026.04.23	00:26:01.860		159.491			4
2026.04.23	00:27:00.063	159.436				2
2026.04.23	00:27:02.160		159.491			4
2026.04.23	00:28:00.029	159.436				2
2026.04.23	00:28:03.360		159.491			4
2026.04.23	00:28:45.473		159.488			4
2026.04.23	00:29:00.960	159.436				2
2026.04.23	00:29:25.193	159.439	159.498			6
2026.04.23	00:29:30.321		159.490			4
2026.04.23	00:29:31.021		159.489			4
2026.04.23	00:29:46.671	159.444	159.491			6
2026.04.23	00:29:49.371	159.446	159.498			6
2026.04.23	00:30:00.071	159.446				2
2026.04.23	00:30:08.621	159.444	159.486			6
2026.04.23	00:30:44.764	159.446				2
2026.04.23	00:31:00.257	159.446				2
2026.04.23	00:31:01.147		159.483			4
2026.04.23	00:31:01.888		159.481			4
2026.04.23	00:31:03.088		159.480			4
2026.04.23	00:31:15.735		159.483			4
2026.04.23	00:31:22.522		159.490			4
2026.04.23	00:31:28.934	159.440	159.480			6
2026.04.23	00:31:31.133	159.443				2
2026.04.23	00:32:00.232	159.443				2
2026.04.23	00:32:02.398	159.442				2
2026.04.23	00:32:02.698	159.444				2
2026.04.23	00:32:05.625	159.446				2
2026.04.23	00:32:11.763		159.487			4
2026.04.23	00:32:19.473	159.440	159.480			6
2026.04.23	00:32:21.063	159.443				2
2026.04.23	00:32:24.663		159.479			4
2026.04.23	00:32:29.277	159.441				2
2026.04.23	00:32:38.164		159.482			4
2026.04.23	00:32:44.068	159.446	159.485			6
2026.04.23	00:32:55.342	159.441				2
2026.04.23	00:33:00.758	159.441				2
2026.04.23	00:33:01.064	159.446				2
2026.04.23	00:33:02.903	159.441				2
2026.04.23	00:33:03.504	159.446				2
2026.04.23	00:33:03.804	159.441				2
2026.04.23	00:33:05.548	159.446				2
2026.04.23	00:33:07.585	159.441				2
2026.04.23	00:33:08.189	159.446				2
2026.04.23	00:33:08.489	159.441				2
2026.04.23	00:33:21.388	159.439	159.483			6
2026.04.23	00:33:38.188		159.485			4
2026.04.23	00:33:48.374	159.438	159.483			6
2026.04.23	00:33:50.622	159.434				2
2026.04.23	00:33:59.145	159.439				2
2026.04.23	00:34:02.086	159.439				2
2026.04.23	00:34:10.560	159.434				2
2026.04.23	00:34:14.203	159.438				2
2026.04.23	00:34:23.693	159.434	159.487			6
2026.04.23	00:34:49.415	159.439				2
2026.04.23	00:35:01.998	159.439				2
2026.04.23	00:35:23.758		159.487			4
2026.04.23	00:35:25.250	159.442				2
2026.04.23	00:35:25.553	159.439				2
2026.04.23	00:35:25.853	159.442				2
2026.04.23	00:35:26.454	159.439				2
2026.04.23	00:35:26.756	159.442				2
2026.04.23	00:35:27.057	159.439				2
2026.04.23	00:35:44.948	159.434				2
2026.04.23	00:35:58.866	159.439				2
2026.04.23	00:35:59.467	159.434				2
2026.04.23	00:36:02.095	159.434				2
2026.04.23	00:36:21.105		159.486			4
2026.04.23	00:36:32.089	159.439				2
2026.04.23	00:36:43.263	159.434				2
2026.04.23	00:36:48.458	159.439				2
2026.04.23	00:36:48.758	159.434				2
2026.04.23	00:36:49.359		159.487			4
2026.04.23	00:37:00.168	159.434				2
2026.04.23	00:37:12.388	159.438				2
2026.04.23	00:37:12.688	159.434				2
2026.04.23	00:37:31.156		159.492			4
2026.04.23	00:37:36.237	159.432	159.495			6
2026.04.23	00:37:40.317		159.497			4
2026.04.23	00:37:40.621	159.433				2
2026.04.23	00:37:41.225	159.432				2
2026.04.23	00:38:00.060	159.432				2
2026.04.23	00:38:06.555	159.435				2
2026.04.23	00:38:07.856	159.434				2
2026.04.23	00:38:26.368	159.433				2
2026.04.23	00:38:38.399	159.432				2
2026.04.23	00:38:40.270		159.498			4
2026.04.23	00:38:45.642	159.436				2
2026.04.23	00:38:45.942	159.439				2
2026.04.23	00:38:52.694	159.433				2
2026.04.23	00:38:58.412	159.432				2
2026.04.23	00:39:00.221	159.432				2
2026.04.23	00:39:08.348	159.431				2
2026.04.23	00:39:08.949	159.430				2
2026.04.23	00:39:11.325		159.497			4
2026.04.23	00:39:17.336		159.498			4
2026.04.23	00:39:46.371		159.496			4
2026.04.23	00:40:00.203	159.430				2
2026.04.23	00:40:01.106		159.498			4
2026.04.23	00:40:08.524	159.439				2
2026.04.23	00:40:12.893	159.432				2
2026.04.23	00:40:15.899	159.431				2
2026.04.23	00:40:16.201	159.432				2
2026.04.23	00:40:17.703	159.435				2
2026.04.23	00:40:18.004	159.430	159.496			6
2026.04.23	00:40:18.904	159.433	159.498			6
2026.04.23	00:40:21.016	159.430				2
2026.04.23	00:40:23.393	159.431				2
2026.04.23	00:40:25.796	159.430				2
2026.04.23	00:40:27.279		159.501			4
2026.04.23	00:40:30.303	159.431	159.464			6
2026.04.23	00:40:37.562	159.411	159.459			6
2026.04.23	00:40:41.662		159.458			4
2026.04.23	00:40:41.962		159.460			4
2026.04.23	00:40:46.173		159.459			4
2026.04.23	00:41:00.061	159.411				2
2026.04.23	00:41:21.163		159.460			4
2026.04.23	00:41:33.809		159.459			4
2026.04.23	00:41:43.827	159.414				2
2026.04.23	00:42:00.029	159.414				2
2026.04.23	00:42:21.221		159.458			4
2026.04.23	00:42:21.523	159.411	159.459			6
2026.04.23	00:42:22.123	159.414				2
2026.04.23	00:42:28.526		159.460			4
2026.04.23	00:42:28.827		159.459			4
2026.04.23	00:42:34.321		159.457			4
2026.04.23	00:42:38.533		159.458			4
2026.04.23	00:42:41.290	159.379	159.445			6
2026.04.23	00:42:42.064		159.448			4
2026.04.23	00:42:43.266		159.445			4
2026.04.23	00:42:45.061	159.376	159.434			6
2026.04.23	00:42:56.560		159.435			4
2026.04.23	00:43:00.165	159.376				2
2026.04.23	00:43:12.876	159.377				2
2026.04.23	00:43:13.780	159.379				2
2026.04.23	00:43:14.120	159.382				2
2026.04.23	00:43:14.421	159.380				2
2026.04.23	00:43:14.723	159.379				2
2026.04.23	00:43:16.525	159.376				2
2026.04.23	00:43:18.633	159.379				2
2026.04.23	00:43:21.671	159.381				2
2026.04.23	00:43:22.272	159.380				2
2026.04.23	00:43:28.592		159.437			4
2026.04.23	00:43:29.495	159.379	159.435			6
2026.04.23	00:43:34.792	159.383	159.436			6
2026.04.23	00:43:35.094	159.385				2
2026.04.23	00:43:36.595	159.386				2
2026.04.23	00:43:38.397	159.388				2
2026.04.23	00:43:39.600	159.385				2
2026.04.23	00:43:41.101	159.388				2
2026.04.23	00:43:42.603	159.379				2
2026.04.23	00:43:43.204		159.435			4
2026.04.23	00:43:43.504		159.437			4
2026.04.23	00:43:44.104	159.380				2
2026.04.23	00:43:47.716	159.382				2
2026.04.23	00:43:48.620	159.384				2
2026.04.23	00:43:48.920	159.379	159.435			6
2026.04.23	00:43:49.221		159.436			4
2026.04.23	00:43:55.172	159.381				2
2026.04.23	00:43:55.472	159.382				2
2026.04.23	00:43:56.075	159.379				2
2026.04.23	00:43:58.425	159.381				2
2026.04.23	00:44:00.229	159.381				2
2026.04.23	00:44:01.432	159.383				2
2026.04.23	00:44:02.638	159.380				2
2026.04.23	00:44:11.369	159.379				2
2026.04.23	00:44:15.953	159.380				2
2026.04.23	00:44:16.253		159.438			4
2026.04.23	00:44:17.462	159.382	159.436			6
2026.04.23	00:44:17.764	159.379				2
2026.04.23	00:44:23.627		159.435			4
2026.04.23	00:44:29.143		159.436			4
2026.04.23	00:44:35.890		159.435			4
2026.04.23	00:44:44.221		159.436			4
2026.04.23	00:44:50.285		159.437			4
2026.04.23	00:44:52.616		159.436			4
2026.04.23	00:44:57.268		159.435			4
2026.04.23	00:44:57.568		159.436			4
2026.04.23	00:45:00.339	159.379				2
2026.04.23	00:45:01.243		159.435			4
2026.04.23	00:45:01.844		159.434			4
2026.04.23	00:45:02.172	159.371	159.437			6
2026.04.23	00:45:02.772	159.368	159.434			6
2026.04.23	00:45:03.674	159.369	159.435			6
2026.04.23	00:45:04.881	159.379	159.434			6
2026.04.23	00:45:17.857		159.435			4
2026.04.23	00:46:00.038	159.379				2
2026.04.23	00:46:17.967		159.436			4
2026.04.23	00:46:34.321		159.435			4
2026.04.23	00:46:41.462	159.378				2
2026.04.23	00:46:59.522	159.374	159.415			6
2026.04.23	00:47:00.414	159.374				2
2026.04.23	00:47:02.144	159.370	159.436			6
2026.04.23	00:47:03.649	159.371	159.437			6
2026.04.23	00:47:03.949	159.368	159.434			6
2026.04.23	00:47:04.250	159.367	159.433			6
2026.04.23	00:47:04.550	159.366	159.432			6
2026.04.23	00:47:04.851	159.374	159.416			6
2026.04.23	00:47:10.407		159.415			4
2026.04.23	00:47:30.532		159.416			4
2026.04.23	00:48:00.168	159.374	159.418			6
2026.04.23	00:48:01.088		159.417			4
2026.04.23	00:48:04.346		159.418			4
2026.04.23	00:48:38.527		159.416			4
2026.04.23	00:48:43.334		159.417			4
2026.04.23	00:49:00.164	159.374	159.419			6
2026.04.23	00:49:20.234		159.418			4
2026.04.23	00:49:23.830		159.419			4
2026.04.23	00:50:00.232	159.374				2
2026.04.23	00:50:24.005		159.419			4
2026.04.23	00:50:58.532		159.420			4
2026.04.23	00:51:00.157	159.374				2
2026.04.23	00:51:48.226		159.419			4
2026.04.23	00:52:02.025	159.374				2
2026.04.23	00:52:19.320		159.417			4
2026.04.23	00:52:29.493		159.418			4
2026.04.23	00:52:43.345		159.417			4
2026.04.23	00:52:51.529		159.418			4
2026.04.23	00:53:00.232	159.374				2
2026.04.23	00:53:52.026		159.418			4
2026.04.23	00:53:57.757		159.419			4
2026.04.23	00:54:01.208	159.374				2
2026.04.23	00:54:21.404		159.418			4
2026.04.23	00:54:28.366		159.419			4
2026.04.23	00:54:29.808		159.418			4
2026.04.23	00:54:32.307		159.420			4
2026.04.23	00:54:34.439		159.419			4
2026.04.23	00:55:00.362	159.374				2
2026.04.23	00:55:09.103	159.368	159.424			6
2026.04.23	00:55:09.404	159.374	159.419			6
2026.04.23	00:55:09.924		159.421			4
2026.04.23	00:55:25.329		159.419			4
2026.04.23	00:55:27.430		159.420			4
2026.04.23	00:55:27.735		159.421			4
2026.04.23	00:55:32.254	159.375	159.423			6
2026.04.23	00:55:34.358	159.378	159.424			6
2026.04.23	00:55:40.672	159.382	159.425			6
2026.04.23	00:55:46.696	159.394	159.431			6
2026.04.23	00:55:46.999		159.432			4
2026.04.23	00:55:50.300	159.395				2
2026.04.23	00:55:53.307	159.381	159.426			6
2026.04.23	00:55:59.941	159.380	159.450			6
2026.04.23	00:56:00.245	159.388				2
2026.04.23	00:56:00.545	159.389				2
2026.04.23	00:56:04.158	159.386				2
2026.04.23	00:57:00.119	159.386	159.450			6
2026.04.23	00:57:24.200	159.379	159.513			6
2026.04.23	00:57:24.500	159.396				2
2026.04.23	00:57:30.823	159.394				2
2026.04.23	00:57:31.121	159.393				2
2026.04.23	00:57:34.131	159.406				2
2026.04.23	00:57:39.844	159.404				2
2026.04.23	00:57:44.356	159.403				2
2026.04.23	00:57:49.774	159.408				2
2026.04.23	00:57:53.394	159.407				2
2026.04.23	00:57:54.895	159.406				2
2026.04.23	00:58:00.007	159.406				2
2026.04.23	00:58:05.133	159.405				2
2026.04.23	00:58:24.071		159.510			4
2026.04.23	00:58:46.049		159.537			4
2026.04.23	00:58:46.953		159.510			4
2026.04.23	00:58:50.261		159.537			4
2026.04.23	00:58:50.858		159.510			4
2026.04.23	00:59:00.182	159.405				2
2026.04.23	00:59:33.272	159.406				2
2026.04.23	00:59:51.043		159.510			4
2026.04.23	01:00:00.068	159.406	159.454			6
2026.04.23	01:00:00.360	159.410				2
2026.04.23	01:00:02.767		159.480			4
2026.04.23	01:00:03.663	159.415	159.487			6
2026.04.23	01:00:05.166		159.455			4
2026.04.23	01:00:05.466	159.413	159.454			6
2026.04.23	01:00:05.767	159.416	159.455			6
2026.04.23	01:00:06.070	159.415				2
2026.04.23	01:00:06.368		159.457			4
2026.04.23	01:00:07.270		159.447			4
2026.04.23	01:00:07.568		159.452			4
2026.04.23	01:00:11.177	159.407	159.460			6
2026.04.23	01:00:13.277		159.459			4
2026.04.23	01:00:15.376	159.403	159.458			6
2026.04.23	01:00:15.676	159.408				2
2026.04.23	01:00:18.686	159.411				2
2026.04.23	01:00:19.284		159.457			4
2026.04.23	01:00:20.484	159.409				2
2026.04.23	01:00:20.788	159.416				2
2026.04.23	01:00:21.386		159.447			4
2026.04.23	01:00:23.787	159.415	159.457			6
2026.04.23	01:00:24.090	159.439	159.443			6
2026.04.23	01:00:24.387	159.433				2
2026.04.23	01:00:24.686		159.442			4
2026.04.23	01:00:26.194		159.441			4
2026.04.23	01:00:30.700	159.438	159.446			6
2026.04.23	01:00:31.001	159.436				2
2026.04.23	01:00:31.302	159.435				2
2026.04.23	01:00:33.105	159.439				2
2026.04.23	01:00:37.312	159.442				2
2026.04.23	01:00:38.513	159.438				2
2026.04.23	01:00:40.015		159.445			4
2026.04.23	01:00:40.315	159.440				2
2026.04.23	01:00:46.331		159.449			4
2026.04.23	01:00:46.928		159.445			4
2026.04.23	01:00:50.230	159.439				2
2026.04.23	01:00:55.047		159.448			4
2026.04.23	01:00:55.648		159.445			4
2026.04.23	01:00:59.855	159.441	159.447			6
2026.04.23	01:01:00.157	159.441				2
2026.04.23	01:01:04.963	159.442				2
2026.04.23	01:01:24.182	159.443				2
2026.04.23	01:01:33.198	159.440	159.445			6
2026.04.23	01:01:33.495	159.439	159.443			6
2026.04.23	01:01:33.800	159.438				2
2026.04.23	01:01:38.299		159.442			4
2026.04.23	01:01:38.599	159.439				2
2026.04.23	01:01:40.105	159.437				2
2026.04.23	01:01:46.710	159.436				2
2026.04.23	01:01:47.009	159.429	159.430			6
2026.04.23	01:01:47.310	159.426	159.431			6
2026.04.23	01:01:47.615	159.417	159.420			6
2026.04.23	01:01:47.913	159.414				2
2026.04.23	01:01:48.214	159.415				2
2026.04.23	01:01:48.511		159.422			4
2026.04.23	01:01:49.117		159.417			4
2026.04.23	01:01:50.019		159.419			4
2026.04.23	01:01:51.221	159.423	159.429			6
2026.04.23	01:01:51.521	159.424	159.425			6
2026.04.23	01:01:51.820	159.426	159.435			6
2026.04.23	01:01:52.721	159.424	159.425			6
2026.04.23	01:01:54.225	159.426	159.433			6
2026.04.23	01:01:54.525		159.435			4
2026.04.23	01:01:59.636	159.427	159.433			6
2026.04.23	01:02:00.240	159.427				2
2026.04.23	01:02:02.339		159.434			4
2026.04.23	01:02:02.635	159.426				2
2026.04.23	01:02:04.439		159.433			4
2026.04.23	01:02:05.341		159.435			4
2026.04.23	01:02:06.545	159.428				2
2026.04.23	01:02:08.350	159.427				2
2026.04.23	01:02:10.456		159.434			4
2026.04.23	01:02:13.760	159.426	159.433			6
2026.04.23	01:02:14.362	159.427				2
2026.04.23	01:02:17.661	159.428	159.434			6
2026.04.23	01:02:23.666		159.433			4
2026.04.23	01:02:26.672	159.427				2
2026.04.23	01:02:27.876	159.426				2
2026.04.23	01:02:29.077	159.427				2
2026.04.23	01:02:30.277		159.435			4
2026.04.23	01:02:33.285	159.426				2
2026.04.23	01:02:38.690	159.427				2
2026.04.23	01:02:50.104	159.426				2
2026.04.23	01:02:56.112		159.434			4
2026.04.23	01:03:00.027	159.426				2
2026.04.23	01:03:00.620	159.442	159.450			6
2026.04.23	01:03:00.920	159.447	159.453			6
2026.04.23	01:03:15.939	159.446				2
2026.04.23	01:03:26.460	159.447				2
2026.04.23	01:03:28.260	159.446				2
2026.04.23	01:03:37.273	159.447				2
2026.04.23	01:03:46.291	159.446				2
2026.04.23	01:03:47.492	159.447				2
2026.04.23	01:03:49.890	159.446				2
2026.04.23	01:03:59.201	159.447				2
2026.04.23	01:04:00.103	159.447				2
2026.04.23	01:04:00.402	159.446	159.454			6
2026.04.23	01:04:01.004		159.453			4
2026.04.23	01:04:03.099	159.447				2
2026.04.23	01:04:04.906	159.449	159.456			6
2026.04.23	01:04:05.203	159.452	159.458			6
2026.04.23	01:04:07.306	159.451				2
2026.04.23	01:04:15.128	159.452				2
2026.04.23	01:04:19.635	159.453				2
2026.04.23	01:04:20.835	159.455	159.462			6
2026.04.23	01:04:21.134	159.457	159.464			6
2026.04.23	01:04:25.041	159.458				2
2026.04.23	01:04:29.551	159.459				2
2026.04.23	01:04:33.159	159.458				2
2026.04.23	01:04:38.271	159.459				2
2026.04.23	01:04:40.975	159.458				2
2026.04.23	01:04:48.186	159.453	159.458			6
2026.04.23	01:04:48.484	159.452				2
2026.04.23	01:04:49.089	159.454	159.459			6
2026.04.23	01:04:49.988		159.458			4
2026.04.23	01:04:50.592	159.453				2
2026.04.23	01:04:54.796	159.454	159.460			6
2026.04.23	01:04:55.099	159.455				2
2026.04.23	01:04:55.396		159.458			4
2026.04.23	01:04:55.997	159.454				2
2026.04.23	01:05:00.207	159.453	159.457			6
2026.04.23	01:05:00.506	159.452				2
2026.04.23	01:05:01.408		159.458			4
2026.04.23	01:05:04.111	159.453				2
2026.04.23	01:05:14.329	159.454				2
2026.04.23	01:05:18.235	159.455				2
2026.04.23	01:05:20.938	159.454				2
2026.04.23	01:05:22.747	159.452	159.456			6
2026.04.23	01:05:23.946	159.453	159.457			6
2026.04.23	01:05:29.651		159.455			4
2026.04.23	01:05:30.554	159.452				2
2026.04.23	01:05:45.277	159.453				2
2026.04.23	01:05:54.595	159.452	159.454			6
2026.04.23	01:05:56.098	159.453				2
2026.04.23	01:06:00.004	159.453				2
2026.04.23	01:06:00.301	159.454	159.455			6
2026.04.23	01:06:01.509	159.455	159.456			6
2026.04.23	01:06:11.124	159.454	159.455			6
2026.04.23	01:06:19.844	159.455	159.456			6
2026.04.23	01:06:31.265	159.454	159.455			6
2026.04.23	01:06:35.768	159.455	159.456			6
2026.04.23	01:06:40.876	159.454	159.455			6
2026.04.23	01:06:41.477	159.455	159.456			6
2026.04.23	01:06:46.890	159.454	159.455			6
2026.04.23	01:06:47.191	159.453	159.454			6
2026.04.23	01:06:55.905	159.454	159.455			6
2026.04.23	01:07:00.114	159.454				2
2026.04.23	01:07:29.886	159.453	159.454			6
2026.04.23	01:07:30.191	159.452	159.453			6
2026.04.23	01:07:42.806	159.445	159.446			6
2026.04.23	01:07:43.107	159.441	159.442			6
2026.04.23	01:07:55.733	159.440	159.441			6
2026.04.23	01:08:00.249	159.440				2
2026.04.23	01:08:11.660	159.441	159.442			6
2026.04.23	01:08:38.736	159.440	159.441			6
2026.04.23	01:09:00.088	159.440				2
2026.04.23	01:09:10.898	159.439	159.440			6
2026.04.23	01:09:12.103	159.440	159.441			6
2026.04.23	01:09:17.828	159.445	159.446			6
2026.04.23	01:09:18.127	159.447	159.448			6
2026.04.23	01:09:26.843	159.448	159.449			6
2026.04.23	01:09:55.705	159.447	159.448			6
2026.04.23	01:10:00.214	159.447				2
2026.04.23	01:10:01.417	159.446	159.447			6
2026.04.23	01:11:00.056	159.446				2
2026.04.23	01:11:01.559		159.447			4
2026.04.23	01:11:01.865	159.447	159.448			6
2026.04.23	01:11:20.496	159.445	159.446			6
2026.04.23	01:11:25.602	159.446	159.447			6
2026.04.23	01:12:00.178	159.446				2
2026.04.23	01:12:25.731		159.447			4
2026.04.23	01:12:33.254	159.455	159.456			6
2026.04.23	01:12:33.550	159.460	159.461			6
2026.04.23	01:12:34.144	159.462	159.463			6
2026.04.23	01:12:35.657	159.463	159.464			6
2026.04.23	01:12:36.553	159.464	159.465			6
2026.04.23	01:12:36.855	159.465	159.466			6
2026.04.23	01:13:00.300	159.465				2
2026.04.23	01:13:01.800	159.464	159.465			6
2026.04.23	01:13:06.609	159.465	159.466			6
2026.04.23	01:13:13.531	159.464	159.465			6
2026.04.23	01:13:23.763	159.463	159.464			6
2026.04.23	01:13:33.690	159.464	159.465			6
2026.04.23	01:13:55.950	159.463	159.464			6
2026.04.23	01:13:59.863	159.465	159.466			6
2026.04.23	01:14:00.170	159.465				2
2026.04.23	01:14:03.465	159.463	159.464			6
2026.04.23	01:14:08.275	159.464	159.465			6
2026.04.23	01:14:10.984	159.465	159.466			6
2026.04.23	01:14:17.597	159.466	159.467			6
2026.04.23	01:14:17.897	159.464	159.465			6
2026.04.23	01:14:22.712	159.463	159.464			6
2026.04.23	01:14:23.013	159.464	159.465			6
2026.04.23	01:14:35.343	159.463	159.464			6
2026.04.23	01:15:00.007	159.463				2
2026.04.23	01:15:04.214	159.462	159.463			6
2026.04.23	01:15:07.526	159.464	159.465			6
2026.04.23	01:15:12.643	159.455	159.456			6
2026.04.23	01:15:12.938	159.452	159.453			6
2026.04.23	01:16:00.159	159.452				2
2026.04.23	01:16:13.075		159.453			4
2026.04.23	01:17:00.286	159.452				2
2026.04.23	01:17:13.210		159.453			4
2026.04.23	01:17:19.821	159.451	159.452			6
2026.04.23	01:17:25.544	159.452	159.453			6
2026.04.23	01:17:27.951	159.451	159.452			6
2026.04.23	01:17:29.152	159.450	159.451			6
2026.04.23	01:17:31.559	159.451	159.452			6
2026.04.23	01:17:47.784	159.452	159.453			6
2026.04.23	01:18:00.105	159.452				2
2026.04.23	01:18:02.815	159.451	159.452			6
2026.04.23	01:18:12.143	159.450	159.451			6
2026.04.23	01:18:33.180	159.451	159.452			6
2026.04.23	01:18:42.798	159.452	159.453			6
2026.04.23	01:18:47.606	159.450	159.451			6
2026.04.23	01:18:48.813	159.451	159.452			6
2026.04.23	01:19:00.248	159.451				2
2026.04.23	01:19:31.504	159.450	159.451			6
2026.04.23	01:19:39.336	159.451	159.452			6
2026.04.23	01:19:41.737	159.450	159.451			6
2026.04.23	01:19:44.142	159.451	159.452			6
2026.04.23	01:19:58.569	159.452	159.453			6
2026.04.23	01:20:00.078	159.452				2
2026.04.23	01:20:06.392	159.451	159.452			6
2026.04.23	01:20:13.909	159.452	159.453			6
2026.04.23	01:20:22.321	159.449	159.450			6
2026.04.23	01:20:43.070	159.450	159.451			6
2026.04.23	01:21:00.205	159.450				2
2026.04.23	01:21:05.004	159.456	159.457			6
2026.04.23	01:21:05.303	159.463	159.464			6
2026.04.23	01:21:05.603	159.462	159.463			6
2026.04.23	01:21:47.112	159.474	159.475			6
2026.04.23	01:21:47.417	159.476	159.477			6
2026.04.23	01:21:48.919	159.478	159.479			6
2026.04.23	01:21:54.029	159.477	159.478			6
2026.04.23	01:21:54.329	159.476	159.477			6
2026.04.23	01:21:55.830	159.477	159.478			6
2026.04.23	01:21:57.031	159.476	159.477			6
2026.04.23	01:22:00.043	159.476				2
2026.04.23	01:22:04.253	159.478	159.479			6
2026.04.23	01:22:05.150	159.477	159.478			6
2026.04.23	01:22:16.572	159.478	159.479			6
2026.04.23	01:22:17.172	159.477	159.478			6
2026.04.23	01:22:19.272	159.478	159.479			6
2026.04.23	01:22:24.084	159.479	159.480			6
2026.04.23	01:22:33.099	159.478	159.479			6
2026.04.23	01:22:36.705	159.479	159.480			6
2026.04.23	01:22:37.008	159.478	159.479			6
2026.04.23	01:22:40.016	159.476	159.477			6
2026.04.23	01:22:49.653	159.478	159.479			6
2026.04.23	01:22:49.950	159.477	159.478			6
2026.04.23	01:22:59.878	159.478	159.479			6
2026.04.23	01:23:00.174	159.478				2
2026.04.23	01:23:00.473	159.477	159.478			6
2026.04.23	01:23:01.080	159.476	159.477			6
2026.04.23	01:23:37.770	159.477	159.478			6
2026.04.23	01:23:42.879	159.476	159.477			6
2026.04.23	01:23:52.197	159.477	159.478			6
2026.04.23	01:23:59.709	159.479	159.480			6
2026.04.23	01:24:00.012	159.478	159.479			6
2026.04.23	01:24:03.921	159.479	159.480			6
2026.04.23	01:24:13.532	159.478	159.479			6
2026.04.23	01:24:13.837	159.481	159.482			6
2026.04.23	01:24:14.137	159.480	159.481			6
2026.04.23	01:24:24.660	159.482	159.483			6
2026.04.23	01:24:25.861	159.481	159.482			6
2026.04.23	01:24:26.158	159.480	159.481			6
2026.04.23	01:24:26.759	159.479	159.480			6
2026.04.23	01:24:45.406	159.478	159.479			6
2026.04.23	01:25:00.163	159.478				2
2026.04.23	01:25:04.367	159.479	159.480			6
2026.04.23	01:25:13.088	159.480	159.481			6
2026.04.23	01:25:18.803	159.476	159.477			6
2026.04.23	01:25:20.899	159.475	159.476			6
2026.04.23	01:25:21.500	159.476	159.477			6
2026.04.23	01:25:25.712	159.475	159.476			6
2026.04.23	01:25:36.832	159.476	159.477			6
2026.04.23	01:25:49.163	159.475	159.476			6
2026.04.23	01:25:50.063	159.474	159.475			6
2026.04.23	01:25:51.266	159.475	159.476			6
2026.04.23	01:26:00.287	159.475				2
2026.04.23	01:26:07.802	159.476	159.477			6
2026.04.23	01:26:28.540	159.475	159.476			6
2026.04.23	01:26:29.738	159.472	159.473			6
2026.04.23	01:26:30.037	159.475	159.476			6
2026.04.23	01:26:30.639	159.476	159.477			6
2026.04.23	01:26:40.859	159.475	159.476			6
2026.04.23	01:27:00.095	159.475				2
2026.04.23	01:27:11.825	159.476	159.477			6
2026.04.23	01:27:15.130	159.475	159.476			6
2026.04.23	01:27:39.780	159.477	159.478			6
2026.04.23	01:27:45.192	159.478	159.479			6
2026.04.23	01:27:56.015	159.477	159.478			6
2026.04.23	01:28:00.236	159.477				2
2026.04.23	01:28:00.533	159.478	159.479			6
2026.04.23	01:28:00.830	159.479	159.480			6
2026.04.23	01:28:01.132	159.477	159.478			6
2026.04.23	01:28:02.037	159.478	159.479			6
2026.04.23	01:28:17.371	159.481	159.482			6
2026.04.23	01:28:21.590	159.483	159.484			6
2026.04.23	01:28:21.892	159.480	159.481			6
2026.04.23	01:28:23.694	159.479	159.480			6
2026.04.23	01:28:54.677	159.478	159.479			6
2026.04.23	01:29:00.090	159.478				2
2026.04.23	01:29:10.017	159.480	159.481			6
2026.04.23	01:29:22.652	159.479	159.480			6
2026.04.23	01:29:34.074	159.478	159.479			6
2026.04.23	01:29:36.174	159.480	159.481			6
2026.04.23	01:29:38.886	159.479	159.480			6
2026.04.23	01:30:00.243	159.479				2
2026.04.23	01:30:00.546	159.480	159.481			6
2026.04.23	01:30:04.757	159.488	159.489			6
2026.04.23	01:30:05.357	159.489	159.490			6
2026.04.23	01:30:06.258	159.488	159.489			6
2026.04.23	01:30:16.485	159.489	159.490			6
2026.04.23	01:30:20.997	159.487	159.488			6
2026.04.23	01:30:21.895	159.488	159.489			6
2026.04.23	01:30:30.324	159.477	159.478			6
2026.04.23	01:30:30.631	159.474	159.475			6
2026.04.23	01:30:38.445	159.476	159.477			6
2026.04.23	01:30:38.748	159.475	159.476			6
2026.04.23	01:30:50.172	159.476	159.477			6
2026.04.23	01:30:56.788	159.475	159.476			6
2026.04.23	01:30:57.686	159.474	159.475			6
2026.04.23	01:31:00.084	159.474				2
2026.04.23	01:31:00.691	159.475	159.476			6
2026.04.23	01:31:19.934	159.474	159.475			6
2026.04.23	01:31:49.986	159.475	159.476			6
2026.04.23	01:31:59.602	159.474	159.475			6
2026.04.23	01:32:00.205	159.474				2
2026.04.23	01:32:56.432	159.475	159.476			6
2026.04.23	01:33:00.042	159.475				2
2026.04.23	01:33:00.643	159.473	159.474			6
2026.04.23	01:33:02.450	159.474	159.475			6
2026.04.23	01:33:09.369	159.475	159.476			6
2026.04.23	01:33:09.677	159.476	159.477			6
2026.04.23	01:33:09.972	159.475	159.476			6
2026.04.23	01:33:19.606	159.474	159.475			6
2026.04.23	01:33:20.202	159.475	159.476			6
2026.04.23	01:33:29.530	159.476	159.477			6
2026.04.23	01:34:00.207	159.476				2
2026.04.23	01:34:29.659		159.477			4
2026.04.23	01:34:46.799	159.475	159.476			6
2026.04.23	01:34:49.495	159.476	159.477			6
2026.04.23	01:35:00.018	159.476				2
2026.04.23	01:35:00.612	159.475	159.476			6
2026.04.23	01:35:23.770	159.476	159.477			6
2026.04.23	01:36:00.158	159.476				2
2026.04.23	01:36:23.907		159.477			4
2026.04.23	01:36:36.844	159.477	159.478			6
2026.04.23	01:36:50.071	159.476	159.477			6
2026.04.23	01:36:56.377	159.477	159.478			6
2026.04.23	01:37:00.287	159.477				2
2026.04.23	01:37:00.594	159.481	159.482			6
2026.04.23	01:37:00.887	159.488	159.489			6
2026.04.23	01:37:01.186	159.489	159.490			6
2026.04.23	01:37:01.788	159.488	159.489			6
2026.04.23	01:37:06.597	159.486	159.487			6
2026.04.23	01:37:06.901	159.488	159.489			6
2026.04.23	01:37:11.713	159.489	159.490			6
2026.04.23	01:37:12.616	159.487	159.488			6
2026.04.23	01:37:15.333	159.488	159.489			6
2026.04.23	01:37:24.339	159.489	159.490			6
2026.04.23	01:37:40.873	159.488	159.489			6
2026.04.23	01:37:44.788	159.489	159.490			6
2026.04.23	01:38:00.116	159.489				2
2026.04.23	01:38:03.131	159.488	159.489			6
2026.04.23	01:38:38.295	159.487	159.488			6
2026.04.23	01:38:42.801	159.488	159.489			6
2026.04.23	01:38:52.716	159.487	159.488			6
2026.04.23	01:39:00.231	159.487				2
2026.04.23	01:39:08.660	159.488	159.489			6
2026.04.23	01:39:13.772	159.487	159.488			6
2026.04.23	01:39:14.667	159.488	159.489			6
2026.04.23	01:39:59.737	159.489	159.490			6
2026.04.23	01:40:00.042	159.489				2
2026.04.23	01:40:04.852	159.488	159.489			6
2026.04.23	01:40:07.255	159.490	159.491			6
2026.04.23	01:40:13.262	159.489	159.490			6
2026.04.23	01:40:22.573	159.488	159.489			6
2026.04.23	01:40:40.636	159.489	159.490			6
2026.04.23	01:40:58.674	159.488	159.489			6
2026.04.23	01:41:00.174	159.488				2
2026.04.23	01:41:07.688	159.490	159.491			6
2026.04.23	01:41:17.605	159.489	159.490			6
2026.04.23	01:41:22.116	159.488	159.489			6
2026.04.23	01:41:22.416	159.489	159.490			6
2026.04.23	01:41:34.736	159.488	159.489			6
2026.04.23	01:41:40.452	159.489	159.490			6
2026.04.23	01:41:44.060	159.488	159.489			6
2026.04.23	01:41:46.166	159.489	159.490			6
2026.04.23	01:41:48.566	159.488	159.489			6
2026.04.23	01:42:00.302	159.488				2
2026.04.23	01:42:04.501	159.486	159.487			6
2026.04.23	01:42:05.705	159.488	159.489			6
2026.04.23	01:42:11.715	159.478	159.479			6
2026.04.23	01:42:12.009	159.477	159.478			6
2026.04.23	01:42:22.252	159.476	159.477			6
2026.04.23	01:42:46.304	159.477	159.478			6
2026.04.23	01:42:57.451	159.479	159.480			6
2026.04.23	01:43:00.158	159.479				2
2026.04.23	01:43:04.371	159.477	159.478			6
2026.04.23	01:43:05.574	159.487	159.488			6
2026.04.23	01:43:05.867	159.488	159.489			6
2026.04.23	01:43:07.371	159.489	159.490			6
2026.04.23	01:43:13.688	159.490	159.491			6
2026.04.23	01:43:16.996	159.489	159.490			6
2026.04.23	01:43:17.299	159.488	159.489			6
2026.04.23	01:43:20.609	159.489	159.490			6
2026.04.23	01:43:20.911	159.490	159.491			6
2026.04.23	01:43:28.443	159.491	159.492			6
2026.04.23	01:43:31.156	159.490	159.491			6
2026.04.23	01:43:31.458	159.488	159.489			6
2026.04.23	01:43:39.873	159.489	159.490			6
2026.04.23	01:43:43.173	159.490	159.491			6
2026.04.23	01:43:45.882	159.491	159.492			6
2026.04.23	01:43:56.110	159.490	159.491			6
2026.04.23	01:43:59.117	159.489	159.490			6
2026.04.23	01:44:00.022	159.489				2
2026.04.23	01:44:01.231	159.490	159.491			6
2026.04.23	01:44:10.841	159.489	159.490			6
2026.04.23	01:44:24.072	159.488	159.489			6
2026.04.23	01:44:53.247	159.489	159.490			6
2026.04.23	01:44:57.156	159.485	159.486			6
2026.04.23	01:45:00.164	159.485				2
2026.04.23	01:45:00.465	159.487	159.488			6
2026.04.23	01:45:22.365	159.481	159.482			6
2026.04.23	01:45:22.664	159.478	159.479			6
2026.04.23	01:45:26.567	159.476	159.477			6
2026.04.23	01:45:28.376	159.485	159.486			6
2026.04.23	01:45:29.276	159.484	159.487			6
2026.04.23	01:45:38.293	159.485				2
2026.04.23	01:45:59.349	159.486	159.488			6
2026.04.23	01:46:00.251	159.486				2
2026.04.23	01:46:04.754	159.487	159.489			6
2026.04.23	01:46:11.363		159.488			4
2026.04.23	01:46:13.466	159.486	159.487			6
2026.04.23	01:46:18.273	159.488	159.489			6
2026.04.23	01:46:20.081	159.487	159.488			6
2026.04.23	01:46:30.298	159.486	159.487			6
2026.04.23	01:46:36.619	159.487	159.488			6
2026.04.23	01:46:36.920	159.485	159.486			6
2026.04.23	01:46:47.140	159.486	159.487			6
2026.04.23	01:46:50.147	159.483	159.484			6
2026.04.23	01:46:50.446	159.482	159.483			6
2026.04.23	01:46:50.744	159.484	159.485			6
2026.04.23	01:46:53.151	159.479	159.480			6
2026.04.23	01:46:53.451	159.476	159.477			6
2026.04.23	01:46:54.357	159.485	159.487			6
2026.04.23	01:46:55.263	159.484	159.488			6
2026.04.23	01:46:58.581	159.485	159.489			6
2026.04.23	01:47:00.084	159.485				2
2026.04.23	01:47:00.388	159.484	159.488			6
2026.04.23	01:47:05.799	159.482	159.486			6
2026.04.23	01:47:06.096	159.480	159.484			6
2026.04.23	01:47:06.395	159.484	159.488			6
2026.04.23	01:47:06.696	159.485	159.489			6
2026.04.23	01:47:13.312	159.484	159.488			6
2026.04.23	01:47:13.615	159.485	159.489			6
2026.04.23	01:47:19.926	159.479	159.481			6
2026.04.23	01:47:20.227	159.477				2
2026.04.23	01:47:33.160	159.476	159.480			6
2026.04.23	01:47:33.465	159.475	159.479			6
2026.04.23	01:47:36.469	159.473	159.475			6
2026.04.23	01:47:42.775		159.476			4
2026.04.23	01:47:44.878		159.477			4
2026.04.23	01:47:45.783	159.472	159.476			6
2026.04.23	01:47:54.810	159.473	159.477			6
2026.04.23	01:47:55.112		159.476			4
2026.04.23	01:47:55.412	159.472	159.475			6
2026.04.23	01:47:56.309		159.476			4
2026.04.23	01:47:57.212		159.475			4
2026.04.23	01:48:00.219	159.472				2
2026.04.23	01:48:10.441	159.473	159.476			6
2026.04.23	01:48:15.560	159.474	159.477			6
2026.04.23	01:48:20.073	159.473	159.476			6
2026.04.23	01:48:26.679	159.474	159.477			6
2026.04.23	01:48:30.292	159.475				2
2026.04.23	01:48:49.529	159.474	159.476			6
2026.04.23	01:49:00.059	159.474				2
2026.04.23	01:49:00.362		159.475			4
2026.04.23	01:49:03.365	159.475	159.476			6
2026.04.23	01:49:03.665	159.474	159.475			6
2026.04.23	01:49:03.965	159.470	159.471			6
2026.04.23	01:49:04.266	159.468	159.470			6
2026.04.23	01:49:04.568	159.463	159.465			6
2026.04.23	01:49:05.170		159.466			4
2026.04.23	01:49:09.987	159.464	159.467			6
2026.04.23	01:49:13.297		159.466			4
2026.04.23	01:49:16.600	159.465	159.467			6
2026.04.23	01:49:25.021	159.466	159.468			6
2026.04.23	01:49:25.318	159.465	159.467			6
2026.04.23	01:49:29.534	159.464	159.466			6
2026.04.23	01:49:33.135	159.462	159.464			6
2026.04.23	01:49:40.662	159.463	159.465			6
2026.04.23	01:49:46.371		159.464			4
2026.04.23	01:49:55.380	159.462	159.463			6
2026.04.23	01:49:57.189	159.463	159.464			6
2026.04.23	01:50:00.193	159.463				2
2026.04.23	01:50:00.793	159.462	159.463			6
2026.04.23	01:50:01.094	159.463	159.464			6
2026.04.23	01:50:02.295	159.462	159.463			6
2026.04.23	01:50:16.131	159.463	159.464			6
2026.04.23	01:50:22.751	159.462	159.463			6
2026.04.23	01:50:32.367	159.464	159.465			6
2026.04.23	01:50:32.968	159.463	159.464			6
2026.04.23	01:50:51.599	159.465	159.466			6
2026.04.23	01:50:56.105	159.463	159.464			6
2026.04.23	01:50:57.309	159.464	159.465			6
2026.04.23	01:50:57.919	159.465	159.466			6
2026.04.23	01:51:00.018	159.465				2
2026.04.23	01:51:04.229	159.464	159.465			6
2026.04.23	01:51:06.934	159.463	159.464			6
2026.04.23	01:51:23.170	159.464	159.465			6
2026.04.23	01:51:23.467	159.465	159.466			6
2026.04.23	01:51:23.768	159.464	159.465			6
2026.04.23	01:51:25.873	159.465	159.466			6
2026.04.23	01:51:31.590	159.463	159.464			6
2026.04.23	01:51:35.800	159.464	159.465			6
2026.04.23	01:51:40.909	159.463	159.464			6
2026.04.23	01:51:51.731	159.464	159.465			6
2026.04.23	01:51:55.054	159.465	159.466			6
2026.04.23	01:51:55.651	159.466	159.467			6
2026.04.23	01:52:00.163	159.466				2
2026.04.23	01:52:04.069	159.464	159.465			6
2026.04.23	01:52:06.171	159.463	159.464			6
2026.04.23	01:52:11.581	159.462	159.463			6
2026.04.23	01:52:11.881	159.463	159.464			6
2026.04.23	01:52:12.786	159.462	159.463			6
2026.04.23	01:52:20.597	159.464	159.465			6
2026.04.23	01:52:37.748	159.463	159.464			6
2026.04.23	01:52:50.672	159.465	159.466			6
2026.04.23	01:52:50.970	159.466	159.467			6
2026.04.23	01:53:00.296	159.466				2
2026.04.23	01:53:01.192	159.465	159.466			6
2026.04.23	01:53:01.497	159.464	159.465			6
2026.04.23	01:53:13.513	159.463	159.464			6
2026.04.23	01:53:17.432	159.464	159.465			6
2026.04.23	01:53:20.135	159.467	159.468			6
2026.04.23	01:53:33.669	159.471	159.472			6
2026.04.23	01:53:33.966	159.474	159.475			6
2026.04.23	01:53:34.268	159.475	159.476			6
2026.04.23	01:53:35.169	159.474	159.475			6
2026.04.23	01:53:55.614	159.473	159.474			6
2026.04.23	01:54:00.125	159.473				2
2026.04.23	01:54:04.937	159.474	159.475			6
2026.04.23	01:55:00.267	159.474				2
2026.04.23	01:55:05.070		159.475			4
2026.04.23	01:55:25.526	159.472	159.473			6
2026.04.23	01:55:35.144	159.474	159.475			6
2026.04.23	01:55:53.174	159.475	159.476			6
2026.04.23	01:55:53.468	159.476	159.477			6
2026.04.23	01:56:00.093	159.476				2
2026.04.23	01:56:16.030	159.478	159.479			6
2026.04.23	01:56:16.333	159.477	159.478			6
2026.04.23	01:56:16.633	159.475	159.476			6
2026.04.23	01:56:31.077	159.477	159.478			6
2026.04.23	01:56:31.379	159.482	159.483			6
2026.04.23	01:56:31.674	159.489	159.490			6
2026.04.23	01:56:31.980	159.490	159.491			6
2026.04.23	01:56:34.084	159.488	159.489			6
2026.04.23	01:56:34.389	159.490	159.491			6
2026.04.23	01:56:34.690	159.489	159.490			6
2026.04.23	01:56:40.710	159.490	159.491			6
2026.04.23	01:56:42.505	159.489	159.490			6
2026.04.23	01:56:42.810	159.490	159.491			6
2026.04.23	01:56:49.434	159.489	159.490			6
2026.04.23	01:56:51.845	159.490	159.491			6
2026.04.23	01:56:55.454	159.491	159.492			6
2026.04.23	01:56:56.352	159.490	159.491			6
2026.04.23	01:56:57.249	159.488	159.489			6
2026.04.23	01:56:57.855	159.489	159.490			6
2026.04.23	01:57:00.262	159.488	159.489			6
2026.04.23	01:57:05.376	159.489	159.490			6
2026.04.23	01:57:08.677	159.487	159.488			6
2026.04.23	01:57:09.279	159.489	159.490			6
2026.04.23	01:57:09.880	159.488	159.489			6
2026.04.23	01:57:16.799	159.486	159.487			6
2026.04.23	01:57:26.724	159.488	159.489			6
2026.04.23	01:57:32.136	159.487	159.488			6
2026.04.23	01:57:33.037	159.488	159.489			6
2026.04.23	01:58:00.097	159.488				2
2026.04.23	01:58:01.003	159.487	159.488			6
2026.04.23	01:58:02.200	159.488	159.489			6
2026.04.23	01:58:20.249	159.487	159.488			6
2026.04.23	01:58:49.695	159.488	159.489			6
2026.04.23	01:58:51.503	159.487	159.488			6
2026.04.23	01:59:00.221	159.487				2
2026.04.23	01:59:00.824	159.481	159.482			6
2026.04.23	01:59:01.118	159.479	159.480			6
2026.04.23	01:59:01.426	159.477	159.478			6
2026.04.23	01:59:02.025	159.475	159.477			6
2026.04.23	01:59:03.227	159.476				2
2026.04.23	01:59:04.433	159.475	159.476			6
2026.04.23	01:59:06.246	159.476	159.477			6
2026.04.23	01:59:14.667	159.477	159.478			6
2026.04.23	01:59:14.965	159.476	159.477			6
2026.04.23	01:59:41.133	159.477	159.478			6
2026.04.23	01:59:50.455	159.478	159.479			6
2026.04.23	02:00:00.068	159.478				2
2026.04.23	02:00:00.367	159.476	159.477			6
2026.04.23	02:00:09.683	159.477	159.478			6
2026.04.23	02:00:10.285	159.476	159.477			6
2026.04.23	02:00:12.394	159.475	159.476			6
2026.04.23	02:00:14.201	159.476	159.477			6
2026.04.23	02:00:16.000	159.475	159.476			6
2026.04.23	02:00:21.413	159.476	159.477			6
2026.04.23	02:00:36.458	159.470	159.471			6
2026.04.23	02:00:36.758	159.466	159.467			6
2026.04.23	02:00:37.661	159.465	159.466			6
2026.04.23	02:00:37.964	159.466	159.467			6
2026.04.23	02:00:38.265	159.465	159.466			6
2026.04.23	02:00:40.070	159.466	159.467			6
2026.04.23	02:00:40.676	159.467	159.468			6
2026.04.23	02:00:40.972	159.466	159.467			6
2026.04.23	02:00:41.576	159.467	159.468			6
2026.04.23	02:00:43.378	159.466	159.467			6
2026.04.23	02:00:43.980	159.465	159.466			6
2026.04.23	02:00:46.386	159.464	159.465			6
2026.04.23	02:00:47.889	159.465	159.466			6
2026.04.23	02:00:49.389	159.464	159.465			6
2026.04.23	02:00:52.692	159.465	159.466			6
2026.04.23	02:00:59.302	159.466	159.467			6
2026.04.23	02:01:00.207	159.466				2
2026.04.23	02:01:02.608	159.471	159.472			6
2026.04.23	02:01:02.910	159.474	159.475			6
2026.04.23	02:01:03.810	159.473	159.474			6
2026.04.23	02:01:04.108	159.472	159.475			6
2026.04.23	02:01:04.411	159.473	159.476			6
2026.04.23	02:01:06.821	159.472	159.475			6
2026.04.23	02:01:07.122	159.473	159.476			6
2026.04.23	02:01:07.423	159.474	159.477			6
2026.04.23	02:01:09.221	159.473	159.476			6
2026.04.23	02:01:13.132	159.474	159.477			6
2026.04.23	02:01:16.748	159.479	159.482			6
2026.04.23	02:01:17.051	159.478	159.481			6
2026.04.23	02:01:17.351	159.479	159.482			6
2026.04.23	02:01:17.653	159.484	159.487			6
2026.04.23	02:01:19.754		159.489			4
2026.04.23	02:01:21.553	159.490	159.496			6
2026.04.23	02:01:21.855	159.491	159.497			6
2026.04.23	02:01:22.153	159.490				2
2026.04.23	02:01:22.758	159.489	159.496			6
2026.04.23	02:01:23.659	159.490				2
2026.04.23	02:01:23.963	159.489				2
2026.04.23	02:01:25.463	159.496	159.502			6
2026.04.23	02:01:26.064	159.495	159.501			6
2026.04.23	02:01:26.366	159.496				2
2026.04.23	02:01:27.868		159.502			4
2026.04.23	02:01:28.476	159.495				2
2026.04.23	02:01:28.776	159.493	159.498			6
2026.04.23	02:01:29.075	159.491				2
2026.04.23	02:01:30.278	159.490				2
2026.04.23	02:01:31.477	159.491				2
2026.04.23	02:01:31.780	159.496	159.501			6
2026.04.23	02:01:32.075	159.494				2
2026.04.23	02:01:34.183	159.496				2
2026.04.23	02:01:34.777	159.491	159.497			6
2026.04.23	02:01:35.983	159.490				2
2026.04.23	02:01:38.389	159.492				2
2026.04.23	02:01:39.295	159.491				2
2026.04.23	02:01:39.595	159.494	159.500			6
2026.04.23	02:01:39.892	159.496				2
2026.04.23	02:01:41.099	159.495	159.501			6
2026.04.23	02:01:41.999	159.490	159.497			6
2026.04.23	02:01:42.300	159.491				2
2026.04.23	02:01:44.105	159.490				2
2026.04.23	02:01:48.327	159.489				2
2026.04.23	02:01:50.332	159.490	159.495			6
2026.04.23	02:01:55.149	159.491				2
2026.04.23	02:01:55.449	159.490				2
2026.04.23	02:01:56.350	159.489				2
2026.04.23	02:02:00.257	159.489				2
2026.04.23	02:02:00.557	159.490				2
2026.04.23	02:02:02.360		159.497			4
2026.04.23	02:02:02.660	159.491	159.496			6
2026.04.23	02:02:02.961	159.490				2
2026.04.23	02:02:04.163	159.491				2
2026.04.23	02:02:04.463		159.497			4
2026.04.23	02:02:08.665		159.496			4
2026.04.23	02:02:11.069	159.490				2
2026.04.23	02:02:14.371	159.489				2
2026.04.23	02:02:14.671	159.490	159.497			6
2026.04.23	02:02:20.085	159.491				2
2026.04.23	02:02:20.687	159.489	159.496			6
2026.04.23	02:02:30.604		159.495			4
2026.04.23	02:02:31.505	159.491				2
2026.04.23	02:02:33.310	159.490				2
2026.04.23	02:02:38.724	159.491	159.496			6
2026.04.23	02:02:39.327	159.492				2
2026.04.23	02:02:40.528	159.490				2
2026.04.23	02:02:41.128	159.492				2
2026.04.23	02:02:46.833	159.493				2
2026.04.23	02:02:51.043	159.494	159.500			6
2026.04.23	02:02:51.344	159.495				2
2026.04.23	02:02:53.145	159.491	159.496			6
2026.04.23	02:02:53.446	159.490				2
2026.04.23	02:02:54.647		159.495			4
2026.04.23	02:03:00.057	159.490				2
2026.04.23	02:03:00.358	159.491	159.492			6
2026.04.23	02:03:00.660	159.490				2
2026.04.23	02:03:00.962	159.491				2
2026.04.23	02:03:02.164	159.490				2
2026.04.23	02:03:02.765		159.491			4
2026.04.23	02:03:03.065		159.492			4
2026.04.23	02:03:08.167		159.493			4
2026.04.23	02:03:10.272		159.492			4
2026.04.23	02:03:12.379	159.487	159.489			6
2026.04.23	02:03:12.680	159.485				2
2026.04.23	02:03:13.283	159.484	159.490			6
2026.04.23	02:03:13.585	159.483				2
2026.04.23	02:03:15.388	159.484	159.491			6
2026.04.23	02:03:15.689	159.485				2
2026.04.23	02:03:15.989	159.484				2
2026.04.23	02:03:16.590	159.485				2
2026.04.23	02:03:16.892		159.490			4
2026.04.23	02:03:17.193	159.486				2
2026.04.23	02:03:21.398	159.485				2
2026.04.23	02:03:28.014		159.489			4
2026.04.23	02:03:39.148	159.484				2
2026.04.23	02:03:43.659		159.488			4
2026.04.23	02:03:46.364	159.485				2
2026.04.23	02:03:51.171	159.483	159.485			6
2026.04.23	02:03:51.772	159.482				2
2026.04.23	02:03:57.485	159.483	159.486			6
2026.04.23	02:03:58.085	159.484				2
2026.04.23	02:03:58.385		159.487			4
2026.04.23	02:03:58.985		159.486			4
2026.04.23	02:04:00.188	159.484				2
2026.04.23	02:04:01.692	159.485				2
2026.04.23	02:04:21.833	159.484				2
2026.04.23	02:04:22.137	159.483				2
2026.04.23	02:04:22.742		159.485			4
2026.04.23	02:04:23.343		159.486			4
2026.04.23	02:04:24.545		159.485			4
2026.04.23	02:04:30.561	159.484	159.486			6
2026.04.23	02:04:30.862	159.485				2
2026.04.23	02:04:32.064		159.487			4
2026.04.23	02:04:33.265		159.486			4
2026.04.23	02:04:33.866		159.489			4
2026.04.23	02:04:34.170	159.486				2
2026.04.23	02:04:48.303	159.485	159.488			6
2026.04.23	02:04:48.603		159.487			4
2026.04.23	02:04:55.815		159.486			4
2026.04.23	02:04:56.715	159.486	159.487			6
2026.04.23	02:05:00.028	159.486				2
2026.04.23	02:05:03.037	159.485				2
2026.04.23	02:05:06.047		159.488			4
2026.04.23	02:05:07.549	159.486	159.489			6
2026.04.23	02:05:08.750	159.485	159.488			6
2026.04.23	02:05:09.050	159.487	159.490			6
2026.04.23	02:05:10.252		159.489			4
2026.04.23	02:05:12.057	159.488	159.490			6
2026.04.23	02:05:12.358	159.487	159.489			6
2026.04.23	02:05:18.072	159.486	159.488			6
2026.04.23	02:05:27.991	159.487	159.489			6
2026.04.23	02:05:30.096	159.488				2
2026.04.23	02:05:31.902	159.487				2
2026.04.23	02:05:32.202	159.488				2
2026.04.23	02:05:35.512	159.487	159.488			6
2026.04.23	02:05:42.442	159.488	159.489			6
2026.04.23	02:05:44.248	159.487	159.488			6
2026.04.23	02:05:45.752	159.488	159.489			6
2026.04.23	02:06:00.174	159.488				2
2026.04.23	02:06:01.079	159.487	159.488			6
2026.04.23	02:06:03.484	159.488	159.489			6
2026.04.23	02:06:03.784	159.486	159.487			6
2026.04.23	02:06:39.873	159.487	159.488			6
2026.04.23	02:06:43.481	159.486	159.487			6
2026.04.23	02:06:57.004	159.487	159.488			6
2026.04.23	02:07:00.012	159.487				2
2026.04.23	02:07:01.216	159.486	159.487			6
2026.04.23	02:07:13.536	159.485	159.486			6
2026.04.23	02:07:14.437	159.486	159.487			6
2026.04.23	02:07:19.849	159.485	159.486			6
2026.04.23	02:07:20.149	159.486	159.487			6
2026.04.23	02:08:00.141	159.486				2
2026.04.23	02:08:20.273		159.487			4
2026.04.23	02:08:24.781	159.485	159.486			6
2026.04.23	02:08:25.081	159.486	159.487			6
2026.04.23	02:08:35.904	159.485	159.486			6
2026.04.23	02:08:41.612	159.486	159.487			6
2026.04.23	02:08:42.815	159.485	159.486			6
2026.04.23	02:08:43.116	159.486	159.487			6
2026.04.23	02:08:57.265	159.485	159.486			6
2026.04.23	02:09:00.272	159.485				2
2026.04.23	02:09:00.570	159.486	159.487			6
2026.04.23	02:09:01.472	159.487	159.488			6
2026.04.23	02:09:01.772	159.486	159.487			6
2026.04.23	02:09:02.073	159.487	159.488			6
2026.04.23	02:09:08.997	159.486	159.487			6
2026.04.23	02:09:15.609	159.487	159.488			6
2026.04.23	02:09:20.421	159.485	159.486			6
2026.04.23	02:09:29.743	159.486	159.487			6
2026.04.23	02:09:30.344	159.487	159.488			6
2026.04.23	02:09:38.758	159.486	159.487			6
2026.04.23	02:09:40.262	159.487	159.488			6
2026.04.23	02:09:58.899	159.485	159.486			6
2026.04.23	02:10:00.103	159.485				2
2026.04.23	02:10:01.905	159.477	159.478			6
2026.04.23	02:10:02.205	159.474	159.475			6
2026.04.23	02:10:03.107	159.475	159.476			6
2026.04.23	02:10:04.010	159.477	159.478			6
2026.04.23	02:10:04.313	159.476	159.477			6
2026.04.23	02:10:23.559	159.475	159.476			6
2026.04.23	02:10:24.161	159.476	159.477			6
2026.04.23	02:10:24.462	159.475	159.476			6
2026.04.23	02:10:31.067	159.476	159.477			6
2026.04.23	02:10:37.391	159.477	159.478			6
2026.04.23	02:10:37.691	159.484	159.485			6
2026.04.23	02:10:38.294		159.486			4
2026.04.23	02:10:39.495	159.480	159.481			6
2026.04.23	02:10:39.795	159.476	159.479			6
2026.04.23	02:10:40.399	159.473	159.478			6
2026.04.23	02:10:41.301		159.476			4
2026.04.23	02:10:41.601		159.477			4
2026.04.23	02:10:41.901	159.474	159.478			6
2026.04.23	02:10:43.705	159.476				2
2026.04.23	02:10:44.908	159.475				2
2026.04.23	02:10:46.113	159.474				2
2026.04.23	02:10:46.414	159.473	159.477			6
2026.04.23	02:10:46.714	159.474				2
2026.04.23	02:10:47.015	159.477	159.482			6
2026.04.23	02:10:47.315	159.481	159.486			6
2026.04.23	02:10:47.614	159.478	159.482			6
2026.04.23	02:10:48.217		159.481			4
2026.04.23	02:10:48.516	159.476				2
2026.04.23	02:10:51.231	159.477				2
2026.04.23	02:10:52.432		159.480			4
2026.04.23	02:10:55.139	159.476				2
2026.04.23	02:10:58.147		159.479			4
2026.04.23	02:11:00.252	159.474	159.476			6
2026.04.23	02:11:00.552	159.472	159.475			6
2026.04.23	02:11:00.853	159.471				2
2026.04.23	02:11:02.058		159.476			4
2026.04.23	02:11:06.867	159.472				2
2026.04.23	02:11:08.675	159.471				2
2026.04.23	02:11:09.280	159.472				2
2026.04.23	02:11:10.180	159.471				2
2026.04.23	02:11:14.389	159.472				2
2026.04.23	02:11:16.495	159.471				2
2026.04.23	02:11:21.309	159.472				2
2026.04.23	02:11:34.254	159.473				2
2026.04.23	02:11:37.558		159.475			4
2026.04.23	02:11:37.858	159.472				2
2026.04.23	02:11:41.766	159.473				2
2026.04.23	02:11:46.273		159.476			4
2026.04.23	02:11:47.477	159.472				2
2026.04.23	02:11:47.777	159.471	159.475			6
2026.04.23	02:11:49.892	159.472	159.476			6
2026.04.23	02:11:58.304	159.473				2
2026.04.23	02:12:00.112	159.473				2
2026.04.23	02:12:01.013	159.474	159.477			6
2026.04.23	02:12:01.316	159.472	159.475			6
2026.04.23	02:12:05.528		159.473			4
2026.04.23	02:12:05.828		159.475			4
2026.04.23	02:12:06.132		159.473			4
2026.04.23	02:12:07.034		159.475			4
2026.04.23	02:12:10.942		159.474			4
2026.04.23	02:12:15.457	159.471				2
2026.04.23	02:12:17.261	159.472				2
2026.04.23	02:12:19.365	159.473	159.475			6
2026.04.23	02:12:20.867	159.474	159.476			6
2026.04.23	02:12:29.886	159.473	159.475			6
2026.04.23	02:12:30.186	159.474	159.476			6
2026.04.23	02:12:31.990	159.475	159.477			6
2026.04.23	02:12:32.290	159.474	159.476			6
2026.04.23	02:12:38.296		159.475			4
2026.04.23	02:12:39.804	159.475	159.476			6
2026.04.23	02:12:42.806	159.474	159.475			6
2026.04.23	02:12:45.209	159.475	159.476			6
2026.04.23	02:12:49.118	159.474	159.475			6
2026.04.23	02:12:57.536	159.475	159.476			6
2026.04.23	02:12:57.837	159.474	159.475			6
2026.04.23	02:13:00.243	159.474				2
2026.04.23	02:13:41.444	159.473	159.474			6
2026.04.23	02:13:56.769	159.474	159.475			6
2026.04.23	02:14:00.073	159.474				2
2026.04.23	02:14:00.973	159.472	159.473			6
2026.04.23	02:14:01.274	159.470	159.471			6
2026.04.23	02:14:04.885	159.471	159.472			6
2026.04.23	02:14:14.803	159.472	159.473			6
2026.04.23	02:14:15.104	159.473	159.474			6
2026.04.23	02:14:23.825	159.472	159.473			6
2026.04.23	02:14:24.727	159.473	159.474			6
2026.04.23	02:14:56.594	159.472	159.473			6
2026.04.23	02:14:57.794	159.469	159.470			6
2026.04.23	02:14:59.900	159.468	159.469			6
2026.04.23	02:15:00.200	159.468				2
2026.04.23	02:15:00.803	159.469	159.470			6
2026.04.23	02:15:01.405	159.468	159.469			6
2026.04.23	02:15:08.333	159.469	159.470			6
2026.04.23	02:15:23.065	159.461	159.462			6
2026.04.23	02:15:42.605	159.462	159.463			6
2026.04.23	02:15:43.808	159.461	159.462			6
2026.04.23	02:15:46.215	159.467	159.468			6
2026.04.23	02:15:46.515	159.466	159.467			6
2026.04.23	02:15:46.814	159.465	159.466			6
2026.04.23	02:15:48.315	159.466	159.467			6
2026.04.23	02:15:48.916	159.465	159.466			6
2026.04.23	02:15:51.027	159.466	159.467			6
2026.04.23	02:15:51.629	159.465	159.466			6
2026.04.23	02:15:53.133	159.464	159.465			6
2026.04.23	02:15:54.334	159.463	159.464			6
2026.04.23	02:16:00.055	159.463				2
2026.04.23	02:16:06.062	159.462	159.463			6
2026.04.23	02:16:06.964	159.463	159.464			6
2026.04.23	02:16:09.665	159.462	159.463			6
2026.04.23	02:16:09.966	159.463	159.464			6
2026.04.23	02:16:10.266	159.462	159.463			6
2026.04.23	02:16:10.866	159.463	159.464			6
2026.04.23	02:16:15.076	159.462	159.463			6
2026.04.23	02:16:15.380	159.463	159.464			6
2026.04.23	02:16:17.486	159.462	159.463			6
2026.04.23	02:16:26.510	159.463	159.464			6
2026.04.23	02:16:27.411	159.464	159.465			6
2026.04.23	02:16:31.623	159.463	159.464			6
2026.04.23	02:16:34.628	159.464	159.465			6
2026.04.23	02:16:34.928	159.463	159.464			6
2026.04.23	02:16:38.234	159.464	159.465			6
2026.04.23	02:16:46.664	159.463	159.464			6
2026.04.23	02:16:53.572	159.462	159.463			6
2026.04.23	02:16:59.288	159.461	159.462			6
2026.04.23	02:17:00.189	159.461				2
2026.04.23	02:17:03.795	159.462	159.463			6
2026.04.23	02:17:05.297	159.463	159.464			6
2026.04.23	02:17:05.597	159.461	159.462			6
2026.04.23	02:17:08.001	159.462	159.463			6
2026.04.23	02:17:11.006	159.460	159.461			6
2026.04.23	02:17:13.416	159.461	159.462			6
2026.04.23	02:17:14.319	159.459	159.460			6
2026.04.23	02:17:20.029	159.458	159.459			6
2026.04.23	02:17:22.733	159.457	159.458			6
2026.04.23	02:17:23.034	159.455	159.456			6
2026.04.23	02:17:29.056	159.454	159.455			6
2026.04.23	02:17:32.662	159.455	159.456			6
2026.04.23	02:17:36.269	159.456	159.457			6
2026.04.23	02:17:36.570	159.455	159.456			6
2026.04.23	02:17:39.874	159.454	159.455			6
2026.04.23	02:17:40.174	159.455	159.456			6
2026.04.23	02:17:43.486	159.454	159.455			6
2026.04.23	02:17:48.594	159.455	159.456			6
2026.04.23	02:17:54.311	159.454	159.455			6
2026.04.23	02:17:54.611	159.455	159.456			6
2026.04.23	02:18:00.030	159.455				2
2026.04.23	02:18:00.932	159.457	159.458			6
2026.04.23	02:18:01.232	159.459	159.460			6
2026.04.23	02:18:01.833	159.458	159.459			6
2026.04.23	02:18:02.133	159.459	159.460			6
2026.04.23	02:18:02.434	159.458	159.459			6
2026.04.23	02:18:06.643	159.457	159.458			6
2026.04.23	02:18:06.944	159.458	159.459			6
2026.04.23	02:18:09.949	159.459	159.460			6
2026.04.23	02:18:14.758	159.455	159.456			6
2026.04.23	02:18:15.660	159.454	159.455			6
2026.04.23	02:18:16.262	159.449	159.450			6
2026.04.23	02:18:16.562	159.447	159.448			6
2026.04.23	02:18:16.861	159.448	159.449			6
2026.04.23	02:18:17.162	159.447	159.448			6
2026.04.23	02:18:17.463	159.441	159.442			6
2026.04.23	02:18:17.764	159.442	159.443			6
2026.04.23	02:18:18.365	159.441				2
2026.04.23	02:18:18.967		159.442			4
2026.04.23	02:18:19.569		159.443			4
2026.04.23	02:18:20.169		159.442			4
2026.04.23	02:18:20.469	159.440				2
2026.04.23	02:18:20.770	159.441	159.443			6
2026.04.23	02:18:27.381	159.446	159.448			6
2026.04.23	02:18:27.682	159.445	159.447			6
2026.04.23	02:18:28.283		159.448			4
2026.04.23	02:18:29.185	159.447	159.450			6
2026.04.23	02:18:29.484	159.448				2
2026.04.23	02:18:36.104		159.451			4
2026.04.23	02:18:38.212	159.447	159.450			6
2026.04.23	02:18:38.514	159.448	159.451			6
2026.04.23	02:18:44.226	159.449				2
2026.04.23	02:18:50.242	159.450	159.452			6
2026.04.23	02:18:53.555	159.449	159.451			6
2026.04.23	02:18:54.758	159.448	159.450			6
2026.04.23	02:19:00.165	159.449				2
2026.04.23	02:19:01.967	159.450	159.451			6
2026.04.23	02:19:03.772	159.449	159.450			6
2026.04.23	02:19:10.985	159.448	159.449			6
2026.04.23	02:19:12.787	159.449	159.450			6
2026.04.23	02:19:13.088	159.448	159.449			6
2026.04.23	02:19:13.388	159.449	159.450			6
2026.04.23	02:19:14.592	159.448	159.449			6
2026.04.23	02:19:17.294	159.449	159.450			6
2026.04.23	02:19:34.130	159.448	159.449			6
2026.04.23	02:19:44.658	159.449	159.450			6
2026.04.23	02:19:46.762	159.448	159.449			6
2026.04.23	02:19:55.783	159.450	159.451			6
2026.04.23	02:20:00.294	159.450				2
2026.04.23	02:20:01.795	159.448	159.449			6
2026.04.23	02:20:08.399	159.449	159.450			6
2026.04.23	02:20:10.205	159.448	159.449			6
2026.04.23	02:20:10.504	159.449	159.450			6
2026.04.23	02:20:10.807	159.448	159.449			6
2026.04.23	02:20:11.107	159.449	159.450			6
2026.04.23	02:20:11.407	159.448	159.449			6
2026.04.23	02:20:16.525	159.449	159.450			6
2026.04.23	02:20:27.957	159.450	159.451			6
2026.04.23	02:20:28.258	159.451	159.452			6
2026.04.23	02:20:39.980	159.450	159.451			6
2026.04.23	02:20:45.093	159.451	159.452			6
2026.04.23	02:20:45.994	159.460	159.461			6
2026.04.23	02:20:46.294	159.459	159.463			6
2026.04.23	02:20:48.096		159.462			4
2026.04.23	02:20:52.005	159.460	159.463			6
2026.04.23	02:20:52.305	159.461	159.464			6
2026.04.23	02:20:55.914	159.462				2
2026.04.23	02:21:00.127	159.462				2
2026.04.23	02:21:01.329	159.460	159.463			6
2026.04.23	02:21:04.342	159.462	159.464			6
2026.04.23	02:21:04.644	159.460	159.463			6
2026.04.23	02:21:06.148	159.461				2
2026.04.23	02:21:14.568	159.463	159.465			6
2026.04.23	02:21:15.168		159.464			4
2026.04.23	02:21:15.470	159.462				2
2026.04.23	02:21:22.982	159.461	159.463			6
2026.04.23	02:21:24.183	159.462				2
2026.04.23	02:21:28.392	159.463	159.464			6
2026.04.23	02:21:29.894	159.462	159.463			6
2026.04.23	02:21:31.996	159.463	159.464			6
2026.04.23	02:21:32.596	159.462	159.463			6
2026.04.23	02:21:45.524	159.463	159.464			6
2026.04.23	02:21:48.229	159.462	159.463			6
2026.04.23	02:21:48.529	159.463	159.464			6
2026.04.23	02:21:48.830	159.462	159.463			6
2026.04.23	02:21:53.041	159.463	159.464			6
2026.04.23	02:21:56.644	159.462	159.463			6
2026.04.23	02:22:00.249	159.462				2
2026.04.23	02:22:18.576	159.463	159.464			6
2026.04.23	02:22:19.478	159.462	159.463			6
2026.04.23	02:22:20.080	159.463	159.464			6
2026.04.23	02:22:24.904	159.462	159.463			6
2026.04.23	02:22:25.505	159.463	159.464			6
2026.04.23	02:22:29.116	159.464	159.465			6
2026.04.23	02:22:29.415	159.463	159.464			6
2026.04.23	02:22:30.918	159.462	159.463			6
2026.04.23	02:22:34.830	159.461	159.462			6
2026.04.23	02:22:35.130	159.462	159.463			6
2026.04.23	02:22:35.432	159.461	159.462			6
2026.04.23	02:22:40.248	159.463	159.464			6
2026.04.23	02:22:48.363	159.462	159.463			6
2026.04.23	02:22:50.165	159.463	159.464			6
2026.04.23	02:22:50.765	159.462	159.463			6
2026.04.23	02:22:51.366	159.461	159.462			6
2026.04.23	02:22:58.881	159.463	159.464			6
2026.04.23	02:22:59.482	159.462	159.463			6
2026.04.23	02:23:00.084	159.462				2
2026.04.23	02:23:03.386	159.463	159.464			6
2026.04.23	02:23:27.164	159.462	159.463			6
2026.04.23	02:23:28.066	159.463	159.464			6
2026.04.23	02:23:34.982	159.462	159.463			6
2026.04.23	02:23:35.584	159.463	159.464			6
2026.04.23	02:23:35.886	159.462	159.463			6
2026.04.23	02:23:43.099	159.461	159.462			6
2026.04.23	02:23:44.901	159.462	159.463			6
2026.04.23	02:23:54.832	159.461	159.462			6
2026.04.23	02:23:57.235	159.462	159.463			6
2026.04.23	02:24:00.245	159.462				2
2026.04.23	02:24:08.665	159.463	159.464			6
2026.04.23	02:24:09.265	159.462	159.463			6
2026.04.23	02:24:15.274	159.463	159.464			6
2026.04.23	02:24:17.375	159.462	159.463			6
2026.04.23	02:24:22.188	159.463	159.464			6
2026.04.23	02:24:24.893	159.462	159.463			6
2026.04.23	02:24:25.195	159.463	159.464			6
2026.04.23	02:24:46.533	159.464	159.465			6
2026.04.23	02:25:00.061	159.464				2
2026.04.23	02:25:11.476	159.463	159.464			6
2026.04.23	02:25:12.372	159.464	159.465			6
2026.04.23	02:25:21.688	159.463	159.464			6
2026.04.23	02:25:23.191	159.464	159.465			6
2026.04.23	02:25:25.897	159.463	159.464			6
2026.04.23	02:25:26.493	159.462	159.463			6
2026.04.23	02:25:48.448	159.463	159.464			6
2026.04.23	02:25:50.253	159.462	159.463			6
2026.04.23	02:26:00.164	159.462				2
2026.04.23	02:26:21.506	159.463	159.464			6
2026.04.23	02:26:22.415	159.462	159.463			6
2026.04.23	02:26:31.753	159.463	159.464			6
2026.04.23	02:26:34.460	159.462	159.463			6
2026.04.23	02:26:35.363	159.463	159.464			6
2026.04.23	02:26:35.660	159.462	159.463			6
2026.04.23	02:26:35.963	159.463	159.464			6
2026.04.23	02:26:36.260	159.462	159.463			6
2026.04.23	02:26:50.686	159.463	159.464			6
2026.04.23	02:26:54.895	159.462	159.463			6
2026.04.23	02:27:00.011	159.462				2
2026.04.23	02:27:03.015	159.461	159.462			6
2026.04.23	02:27:34.280	159.463	159.464			6
2026.04.23	02:27:34.580	159.462	159.463			6
2026.04.23	02:27:34.881	159.463	159.464			6
2026.04.23	02:27:38.188	159.462	159.463			6
2026.04.23	02:27:53.231	159.461	159.462			6
2026.04.23	02:27:55.639	159.462	159.463			6
2026.04.23	02:28:00.153	159.462				2
2026.04.23	02:28:09.769	159.463	159.464			6
2026.04.23	02:28:11.272	159.461	159.462			6
2026.04.23	02:28:13.378	159.463	159.464			6
2026.04.23	02:28:16.384	159.462	159.463			6
2026.04.23	02:28:29.615	159.463	159.464			6
2026.04.23	02:28:46.750	159.461	159.462			6
2026.04.23	02:28:49.758	159.463	159.464			6
2026.04.23	02:28:50.359	159.461	159.462			6
2026.04.23	02:28:51.862	159.462	159.463			6
2026.04.23	02:28:52.161	159.463	159.464			6
2026.04.23	02:28:56.971	159.462	159.463			6
2026.04.23	02:29:00.275	159.462				2
2026.04.23	02:29:08.990	159.461	159.462			6
2026.04.23	02:29:13.503	159.462	159.463			6
2026.04.23	02:29:19.209	159.460	159.461			6
2026.04.23	02:29:19.810	159.461	159.462			6
2026.04.23	02:29:24.631	159.460	159.461			6
2026.04.23	02:29:25.832	159.461	159.462			6
2026.04.23	02:29:32.154	159.462	159.463			6
2026.04.23	02:29:52.296	159.461	159.462			6
2026.04.23	02:29:53.199	159.462	159.463			6
2026.04.23	02:29:53.496	159.461	159.462			6
2026.04.23	02:29:53.799	159.463	159.464			6
2026.04.23	02:29:54.095	159.462	159.463			6
2026.04.23	02:30:00.110	159.463	159.464			6
2026.04.23	02:30:01.321	159.462	159.463			6
2026.04.23	02:30:02.218	159.463	159.464			6
2026.04.23	02:30:06.429	159.462	159.463			6
2026.04.23	02:30:08.235	159.464	159.465			6
2026.04.23	02:30:08.530	159.462	159.463			6
2026.04.23	02:30:08.835	159.463	159.464			6
2026.04.23	02:30:10.633	159.464	159.465			6
2026.04.23	02:30:10.935	159.463	159.464			6
2026.04.23	02:30:20.863	159.464	159.465			6
2026.04.23	02:30:29.272	159.466	159.467			6
2026.04.23	02:30:29.875	159.467	159.468			6
2026.04.23	02:30:31.975	159.468	159.469			6
2026.04.23	02:30:34.382	159.471	159.472			6
2026.04.23	02:30:34.683	159.473	159.474			6
2026.04.23	02:30:35.286	159.474	159.475			6
2026.04.23	02:30:36.491	159.475	159.476			6
2026.04.23	02:30:39.796	159.476	159.477			6
2026.04.23	02:30:43.106	159.477	159.478			6
2026.04.23	02:30:44.005	159.476	159.477			6
2026.04.23	02:30:44.305	159.475	159.476			6
2026.04.23	02:30:44.606	159.476	159.477			6
2026.04.23	02:30:45.513	159.475	159.476			6
2026.04.23	02:30:47.016	159.476	159.477			6
2026.04.23	02:30:50.028	159.477	159.478			6
2026.04.23	02:30:50.628	159.476	159.477			6
2026.04.23	02:30:52.733	159.477	159.478			6
2026.04.23	02:30:53.629	159.475	159.476			6
2026.04.23	02:30:54.831	159.476	159.477			6
2026.04.23	02:31:00.250	159.476				2
2026.04.23	02:31:00.856	159.477	159.478			6
2026.04.23	02:31:02.360	159.478	159.479			6
2026.04.23	02:31:03.259	159.479	159.480			6
2026.04.23	02:31:05.963	159.480	159.481			6
2026.04.23	02:31:06.266	159.479	159.480			6
2026.04.23	02:31:06.562	159.478	159.479			6
2026.04.23	02:31:06.863	159.479	159.480			6
2026.04.23	02:31:07.163	159.478	159.479			6
2026.04.23	02:31:08.664	159.477	159.478			6
2026.04.23	02:31:09.270	159.478	159.479			6
2026.04.23	02:31:16.480	159.479	159.480			6
2026.04.23	02:31:16.778	159.478	159.479			6
2026.04.23	02:31:19.182	159.477	159.478			6
2026.04.23	02:31:26.997	159.479	159.480			6
2026.04.23	02:31:27.599	159.478	159.479			6
2026.04.23	02:31:30.005	159.477	159.478			6
2026.04.23	02:31:30.304	159.478	159.479			6
2026.04.23	02:31:31.806	159.477	159.478			6
2026.04.23	02:31:34.814	159.478	159.479			6
2026.04.23	02:31:37.531	159.483	159.484			6
2026.04.23	02:31:37.827	159.479	159.480			6
2026.04.23	02:31:39.930	159.478	159.479			6
2026.04.23	02:31:42.932	159.477	159.478			6
2026.04.23	02:31:48.040	159.478	159.479			6
2026.04.23	02:31:57.359	159.481	159.482			6
2026.04.23	02:31:57.660	159.479	159.480			6
2026.04.23	02:31:58.861	159.478	159.479			6
2026.04.23	02:32:00.067	159.478				2
2026.04.23	02:32:00.361	159.479	159.480			6
2026.04.23	02:32:00.661	159.478	159.479			6
2026.04.23	02:32:06.367	159.477	159.478			6
2026.04.23	02:32:07.868	159.476	159.477			6
2026.04.23	02:32:08.169	159.477	159.478			6
2026.04.23	02:32:11.476	159.475	159.476			6
2026.04.23	02:32:11.776	159.476	159.477			6
2026.04.23	02:32:12.077	159.477	159.478			6
2026.04.23	02:32:31.916	159.479	159.480			6
2026.04.23	02:32:36.127	159.480	159.481			6
2026.04.23	02:32:44.834	159.479	159.480			6
2026.04.23	02:32:50.850	159.478	159.479			6
2026.04.23	02:32:52.054	159.479	159.480			6
2026.04.23	02:32:52.351	159.478	159.479			6
2026.04.23	02:32:53.857	159.480	159.481			6
2026.04.23	02:32:55.353	159.482	159.483			6
2026.04.23	02:32:58.063	159.475	159.476			6
2026.04.23	02:32:58.364	159.476	159.477			6
2026.04.23	02:32:58.965	159.475	159.476			6
2026.04.23	02:32:59.266	159.474				2
2026.04.23	02:33:00.165	159.474				2
2026.04.23	02:33:00.766	159.475	159.477			6
2026.04.23	02:33:05.273		159.476			4
2026.04.23	02:33:06.172	159.476	159.477			6
2026.04.23	02:33:07.973	159.475	159.476			6
2026.04.23	02:33:14.580	159.476	159.477			6
2026.04.23	02:33:22.396	159.475	159.476			6
2026.04.23	02:33:24.804	159.476	159.477			6
2026.04.23	02:33:32.926	159.477	159.478			6
2026.04.23	02:33:34.726	159.476	159.477			6
2026.04.23	02:33:35.928	159.475	159.476			6
2026.04.23	02:33:39.238	159.474	159.475			6
2026.04.23	02:33:46.760	159.475	159.476			6
2026.04.23	02:33:49.762	159.474	159.475			6
2026.04.23	02:33:50.063	159.475	159.476			6
2026.04.23	02:33:50.967	159.474	159.475			6
2026.04.23	02:33:55.770	159.475	159.476			6
2026.04.23	02:34:00.276	159.475				2
2026.04.23	02:34:07.498	159.474	159.475			6
2026.04.23	02:34:16.213	159.475	159.476			6
2026.04.23	02:34:42.365	159.474	159.475			6
2026.04.23	02:34:42.966	159.475	159.476			6
2026.04.23	02:34:50.479	159.463	159.464			6
2026.04.23	02:34:50.774	159.462	159.463			6
2026.04.23	02:34:51.079	159.461	159.462			6
2026.04.23	02:34:51.375	159.458	159.463			6
2026.04.23	02:34:51.676		159.462			4
2026.04.23	02:34:54.689		159.463			4
2026.04.23	02:34:55.589	159.460	159.464			6
2026.04.23	02:34:57.090	159.459	159.463			6
2026.04.23	02:35:00.104	159.459				2
2026.04.23	02:35:00.707	159.460				2
2026.04.23	02:35:10.622	159.461				2
2026.04.23	02:35:13.933	159.460				2
2026.04.23	02:35:19.044	159.459				2
2026.04.23	02:35:19.346	159.460				2
2026.04.23	02:35:28.369	159.461				2
2026.04.23	02:35:52.131	159.462				2
2026.04.23	02:35:57.238		159.463			4
2026.04.23	02:36:00.245	159.462				2
2026.04.23	02:36:02.052		159.464			4
2026.04.23	02:36:15.565	159.461				2
2026.04.23	02:36:18.566	159.462				2
2026.04.23	02:36:18.870	159.461				2
2026.04.23	02:36:26.382	159.462				2
2026.04.23	02:36:26.683	159.463				2
2026.04.23	02:36:27.583	159.462				2
2026.04.23	02:36:46.239		159.463			4
2026.04.23	02:36:59.173	159.463	159.464			6
2026.04.23	02:37:00.073	159.463				2
2026.04.23	02:37:20.506	159.462	159.463			6
2026.04.23	02:37:27.441	159.463	159.464			6
2026.04.23	02:37:28.045	159.462	159.463			6
2026.04.23	02:37:28.347	159.461	159.462			6
2026.04.23	02:37:52.109	159.462	159.463			6
2026.04.23	02:38:00.238	159.462				2
2026.04.23	02:38:29.995	159.465	159.466			6
2026.04.23	02:38:30.300	159.464	159.465			6
2026.04.23	02:38:36.004	159.463	159.464			6
2026.04.23	02:38:51.943	159.464	159.465			6
2026.04.23	02:38:52.843	159.463	159.464			6
2026.04.23	02:39:00.066	159.463				2
2026.04.23	02:39:15.396	159.464	159.465			6
2026.04.23	02:39:15.997	159.463	159.464			6
2026.04.23	02:39:17.200	159.464	159.465			6
2026.04.23	02:39:23.811	159.463	159.464			6
2026.04.23	02:39:32.533	159.464	159.465			6
2026.04.23	02:39:32.832	159.463	159.464			6
2026.04.23	02:39:54.176	159.471	159.472			6
2026.04.23	02:39:54.473	159.475	159.476			6
2026.04.23	02:39:55.373	159.474	159.477			6
2026.04.23	02:39:56.283	159.475				2
2026.04.23	02:39:59.290	159.474				2
2026.04.23	02:40:00.193	159.475				2
2026.04.23	02:40:01.391	159.474				2
2026.04.23	02:40:01.695	159.475	159.478			6
2026.04.23	02:40:02.293		159.477			4
2026.04.23	02:40:06.199		159.478			4
2026.04.23	02:40:09.509		159.477			4
2026.04.23	02:40:17.629	159.476				2
2026.04.23	02:40:27.555	159.477	159.478			6
2026.04.23	02:40:31.159	159.476	159.477			6
2026.04.23	02:40:41.086	159.475				2
2026.04.23	02:40:42.289	159.476				2
2026.04.23	02:40:47.702	159.477	159.478			6
2026.04.23	02:41:00.034	159.477				2
2026.04.23	02:41:00.335	159.485	159.486			6
2026.04.23	02:41:00.633	159.490	159.491			6
2026.04.23	02:41:01.240	159.491	159.495			6
2026.04.23	02:41:01.538	159.489				2
2026.04.23	02:41:02.144		159.494			4
2026.04.23	02:41:02.740	159.488				2
2026.04.23	02:41:03.342	159.487	159.492			6
2026.04.23	02:41:03.642	159.486	159.491			6
2026.04.23	02:41:04.243	159.485				2
2026.04.23	02:41:04.547	159.486				2
2026.04.23	02:41:04.845	159.485				2
2026.04.23	02:41:05.454		159.490			4
2026.04.23	02:41:06.356	159.486				2
2026.04.23	02:41:06.956		159.491			4
2026.04.23	02:41:07.858		159.492			4
2026.04.23	02:41:08.158	159.487				2
2026.04.23	02:41:08.458	159.485				2
2026.04.23	02:41:10.853		159.491			4
2026.04.23	02:41:11.155		159.492			4
2026.04.23	02:41:11.760		159.489			4
2026.04.23	02:41:18.067	159.486				2
2026.04.23	02:41:20.165		159.490			4
2026.04.23	02:41:24.080	159.485				2
2026.04.23	02:41:24.380	159.486				2
2026.04.23	02:41:26.188	159.487	159.493			6
2026.04.23	02:41:27.391	159.488				2
2026.04.23	02:41:27.686	159.487				2
2026.04.23	02:41:30.690	159.488				2
2026.04.23	02:41:34.301		159.492			4
2026.04.23	02:41:37.607	159.489				2
2026.04.23	02:41:38.506	159.486	159.490			6
2026.04.23	02:41:46.929		159.491			4
2026.04.23	02:41:55.054		159.490			4
2026.04.23	02:41:57.761	159.485				2
2026.04.23	02:41:58.058		159.491			4
2026.04.23	02:41:58.362	159.486				2
2026.04.23	02:42:00.162	159.486				2
2026.04.23	02:42:00.762	159.488				2
2026.04.23	02:42:03.763	159.487				2
2026.04.23	02:42:04.064	159.486				2
2026.04.23	02:42:04.365	159.485				2
2026.04.23	02:42:15.784	159.486				2
2026.04.23	02:42:18.793	159.485				2
2026.04.23	02:42:26.015	159.486				2
2026.04.23	02:42:27.519	159.487				2
2026.04.23	02:42:30.229	159.486				2
2026.04.23	02:42:46.772	159.485	159.490			6
2026.04.23	02:42:47.674		159.489			4
2026.04.23	02:42:48.275	159.488	159.490			6
2026.04.23	02:42:48.578	159.486				2
2026.04.23	02:42:52.487	159.487				2
2026.04.23	02:42:53.092	159.486				2
2026.04.23	02:42:55.501		159.489			4
2026.04.23	02:42:55.796	159.485				2
2026.04.23	02:43:00.009	159.485				2
2026.04.23	02:43:03.633	159.486				2
2026.04.23	02:43:03.929	159.487				2
2026.04.23	02:43:07.231		159.491			4
2026.04.23	02:43:07.533	159.486	159.490			6
2026.04.23	02:43:15.350	159.487				2
2026.04.23	02:43:19.256	159.488				2
2026.04.23	02:43:24.966	159.487				2
2026.04.23	02:43:27.973		159.491			4
2026.04.23	02:43:33.990	159.488				2
2026.04.23	02:43:35.492		159.489			4
2026.04.23	02:43:41.209	159.487				2
2026.04.23	02:43:44.513	159.486	159.488			6
2026.04.23	02:43:46.017	159.485				2
2026.04.23	02:43:46.918		159.487			4
2026.04.23	02:43:47.220	159.486				2
2026.04.23	02:43:47.822	159.485				2
2026.04.23	02:43:48.119	159.486	159.488			6
2026.04.23	02:43:49.019		159.487			4
2026.04.23	02:43:49.620		159.488			4
2026.04.23	02:43:53.530	159.487				2
2026.04.23	02:43:55.031	159.486				2
2026.04.23	02:43:58.641	159.487				2
2026.04.23	02:43:59.245	159.486				2
2026.04.23	02:44:00.148	159.487				2
2026.04.23	02:44:01.350	159.486				2
2026.04.23	02:44:02.551	159.485	159.487			6
2026.04.23	02:44:05.263	159.479	159.481			6
2026.04.23	02:44:05.558	159.478	159.480			6
2026.04.23	02:44:06.160	159.477	159.481			6
2026.04.23	02:44:06.462	159.478	159.482			6
2026.04.23	02:44:07.665	159.477	159.481			6
2026.04.23	02:44:16.684	159.478				2
2026.04.23	02:44:16.985	159.477				2
2026.04.23	02:44:17.281		159.482			4
2026.04.23	02:44:17.886		159.480			4
2026.04.23	02:44:34.431		159.482			4
2026.04.23	02:44:35.036		159.480			4
2026.04.23	02:44:36.239	159.478				2
2026.04.23	02:44:42.267		159.481			4
2026.04.23	02:44:42.564	159.480	159.483			6
2026.04.23	02:44:42.868	159.478	159.482			6
2026.04.23	02:44:44.972	159.479	159.483			6
2026.04.23	02:44:47.075	159.477	159.480			6
2026.04.23	02:44:47.372	159.475	159.479			6
2026.04.23	02:44:48.274		159.480			4
2026.04.23	02:44:49.175		159.479			4
2026.04.23	02:44:50.383	159.474	159.478			6
2026.04.23	02:44:51.283	159.475				2
2026.04.23	02:44:57.905	159.474				2
2026.04.23	02:44:58.206	159.475				2
2026.04.23	02:44:58.809	159.474	159.477			6
2026.04.23	02:45:00.014	159.474	159.478			6
2026.04.23	02:45:00.622	159.475				2
2026.04.23	02:45:01.519		159.479			4
2026.04.23	02:45:03.624	159.474	159.478			6
2026.04.23	02:45:10.233		159.477			4
2026.04.23	02:45:13.241	159.475	159.478			6
2026.04.23	02:45:19.552	159.474	159.477			6
2026.04.23	02:45:25.262	159.475				2
2026.04.23	02:45:32.472		159.476			4
2026.04.23	02:45:36.377	159.474				2
2026.04.23	02:45:36.679	159.475	159.477			6
2026.04.23	02:45:38.184		159.476			4
2026.04.23	02:45:43.596	159.476	159.477			6
2026.04.23	02:45:58.939	159.475	159.476			6
2026.04.23	02:46:00.143	159.475				2
2026.04.23	02:46:03.455	159.476	159.477			6
2026.04.23	02:46:07.059	159.475	159.476			6
2026.04.23	02:46:08.562	159.476	159.477			6
2026.04.23	02:46:08.864	159.475	159.476			6
2026.04.23	02:46:10.962	159.476	159.477			6
2026.04.23	02:46:11.564	159.475	159.476			6
2026.04.23	02:46:12.165	159.476	159.477			6
2026.04.23	02:46:15.470	159.475	159.476			6
2026.04.23	02:46:15.771	159.474	159.475			6
2026.04.23	02:46:16.973	159.473	159.474			6
2026.04.23	02:46:18.175	159.474	159.475			6
2026.04.23	02:46:25.390	159.475	159.476			6
2026.04.23	02:46:25.990	159.474	159.475			6
2026.04.23	02:46:28.397	159.473	159.474			6
2026.04.23	02:46:30.804	159.474	159.475			6
2026.04.23	02:46:33.811	159.475	159.476			6
2026.04.23	02:47:00.282	159.475				2
2026.04.23	02:47:08.999	159.476	159.477			6
2026.04.23	02:47:09.303	159.475	159.476			6
2026.04.23	02:47:09.901	159.476	159.477			6
2026.04.23	02:47:30.646	159.475	159.476			6
2026.04.23	02:47:33.957	159.476	159.477			6
2026.04.23	02:47:49.886	159.475	159.476			6
2026.04.23	02:47:51.694	159.476	159.477			6
2026.04.23	02:47:59.510	159.475	159.476			6
2026.04.23	02:48:00.112	159.475				2
2026.04.23	02:48:07.329	159.476	159.477			6
2026.04.23	02:48:08.233	159.475	159.476			6
2026.04.23	02:48:14.552	159.476	159.477			6
2026.04.23	02:48:17.561	159.475	159.476			6
2026.04.23	02:48:18.759	159.476	159.477			6
2026.04.23	02:48:26.272	159.474	159.475			6
2026.04.23	02:48:27.475	159.475	159.476			6
2026.04.23	02:48:31.380	159.474	159.475			6
2026.04.23	02:48:38.598	159.475	159.476			6
2026.04.23	02:48:38.903	159.476	159.477			6
2026.04.23	02:48:44.614	159.475	159.476			6
2026.04.23	02:48:46.119	159.476	159.477			6
2026.04.23	02:48:47.921	159.477	159.478			6
2026.04.23	02:48:49.123	159.478	159.479			6
2026.04.23	02:48:50.023	159.476	159.477			6
2026.04.23	02:48:54.834	159.475	159.476			6
2026.04.23	02:48:56.938	159.474	159.475			6
2026.04.23	02:49:00.250	159.475	159.476			6
2026.04.23	02:49:01.151	159.474	159.475			6
2026.04.23	02:49:04.158	159.475	159.476			6
2026.04.23	02:49:12.872	159.476	159.477			6
2026.04.23	02:49:13.173	159.477	159.478			6
2026.04.23	02:49:13.773	159.478	159.479			6
2026.04.23	02:49:14.073	159.479	159.480			6
2026.04.23	02:49:14.373	159.478	159.479			6
2026.04.23	02:49:17.678	159.477	159.478			6
2026.04.23	02:49:25.195	159.482	159.483			6
2026.04.23	02:49:25.494	159.478	159.479			6
2026.04.23	02:49:28.803	159.479	159.480			6
2026.04.23	02:49:29.103	159.484	159.485			6
2026.04.23	02:49:29.404	159.483	159.484			6
2026.04.23	02:49:29.704	159.485	159.486			6
2026.04.23	02:49:30.004	159.487	159.488			6
2026.04.23	02:49:31.806	159.484	159.485			6
2026.04.23	02:49:32.107	159.485	159.486			6
2026.04.23	02:49:33.615	159.487	159.488			6
2026.04.23	02:49:35.719	159.486	159.487			6
2026.04.23	02:49:40.536	159.487	159.488			6
2026.04.23	02:49:46.548	159.486	159.487			6
2026.04.23	02:49:49.852	159.485	159.486			6
2026.04.23	02:49:56.168	159.478	159.479			6
2026.04.23	02:49:56.472	159.477	159.478			6
2026.04.23	02:49:56.766	159.480	159.481			6
2026.04.23	02:50:00.073	159.480				2
2026.04.23	02:50:03.083	159.486	159.487			6
2026.04.23	02:50:03.383	159.487	159.488			6
2026.04.23	02:50:04.291	159.485				2
2026.04.23	02:50:05.189		159.489			4
2026.04.23	02:50:08.193	159.486				2
2026.04.23	02:50:09.094		159.488			4
2026.04.23	02:50:10.297	159.485				2
2026.04.23	02:50:13.303	159.486				2
2026.04.23	02:50:13.603	159.485				2
2026.04.23	02:50:14.808	159.484				2
2026.04.23	02:50:15.705		159.487			4
2026.04.23	02:50:16.305	159.485	159.488			6
2026.04.23	02:50:19.021		159.487			4
2026.04.23	02:50:19.317	159.483				2
2026.04.23	02:50:22.326	159.476	159.478			6
2026.04.23	02:50:22.626	159.474				2
2026.04.23	02:50:23.230	159.472				2
2026.04.23	02:50:35.098	159.473				2
2026.04.23	02:50:43.213	159.472				2
2026.04.23	02:50:46.220		159.477			4
2026.04.23	02:50:55.542	159.471				2
2026.04.23	02:51:00.054	159.471				2
2026.04.23	02:51:00.656	159.472				2
2026.04.23	02:51:04.260	159.473	159.478			6
2026.04.23	02:51:10.271	159.472				2
2026.04.23	02:51:13.275		159.479			4
2026.04.23	02:51:13.877		159.478			4
2026.04.23	02:51:15.680		159.477			4
2026.04.23	02:51:15.980		159.478			4
2026.04.23	02:51:18.382	159.473				2
2026.04.23	02:51:19.286		159.479			4
2026.04.23	02:51:24.398		159.478			4
2026.04.23	02:51:26.199		159.479			4
2026.04.23	02:51:31.607	159.474				2
2026.04.23	02:51:33.111	159.473				2
2026.04.23	02:51:35.219	159.474				2
2026.04.23	02:51:35.820	159.475				2
2026.04.23	02:51:36.120	159.474	159.478			6
2026.04.23	02:51:42.729		159.479			4
2026.04.23	02:51:43.929		159.478			4
2026.04.23	02:51:44.529		159.479			4
2026.04.23	02:51:49.938		159.478			4
2026.04.23	02:51:55.349	159.475	159.479			6
2026.04.23	02:51:55.649	159.474	159.478			6
2026.04.23	02:51:55.950	159.475	159.479			6
2026.04.23	02:52:00.158	159.475				2
2026.04.23	02:52:03.463	159.476				2
2026.04.23	02:52:03.763	159.475				2
2026.04.23	02:52:04.664		159.478			4
2026.04.23	02:52:04.964	159.474				2
2026.04.23	02:52:06.164	159.473	159.477			6
2026.04.23	02:52:13.678	159.472	159.476			6
2026.04.23	02:52:15.184	159.474	159.478			6
2026.04.23	02:52:18.794	159.472	159.476			6
2026.04.23	02:52:20.301	159.473	159.475			6
2026.04.23	02:52:26.314	159.472				2
2026.04.23	02:52:38.339	159.473				2
2026.04.23	02:52:40.447	159.472	159.474			6
2026.04.23	02:52:42.251	159.473	159.475			6
2026.04.23	02:52:46.463	159.474	159.476			6
2026.04.23	02:52:47.364	159.478	159.480			6
2026.04.23	02:52:47.665	159.479	159.481			6
2026.04.23	02:52:47.964	159.480	159.482			6
2026.04.23	02:52:48.264	159.479	159.480			6
2026.04.23	02:52:48.565	159.476	159.478			6
2026.04.23	02:52:49.164	159.474				2
2026.04.23	02:52:53.073	159.473				2
2026.04.23	02:52:54.273	159.474				2
2026.04.23	02:52:59.084	159.473				2
2026.04.23	02:53:00.288	159.473				2
2026.04.23	02:53:09.303	159.475	159.479			6
2026.04.23	02:53:11.104		159.478			4
2026.04.23	02:53:12.005		159.479			4
2026.04.23	02:53:12.906		159.478			4
2026.04.23	02:53:13.207		159.479			4
2026.04.23	02:53:14.411	159.474	159.478			6
2026.04.23	02:53:26.140		159.477			4
2026.04.23	02:53:26.442	159.473				2
2026.04.23	02:53:29.148		159.476			4
2026.04.23	02:53:29.749		159.475			4
2026.04.23	02:53:30.049	159.472				2
2026.04.23	02:53:31.249	159.471				2
2026.04.23	02:53:32.151	159.472				2
2026.04.23	02:53:33.356	159.470	159.473			6
2026.04.23	02:53:33.656	159.471	159.474			6
2026.04.23	02:53:34.558	159.465	159.468			6
2026.04.23	02:53:36.361	159.466	159.470			6
2026.04.23	02:53:36.661	159.464	159.469			6
2026.04.23	02:53:38.222	159.463				2
2026.04.23	02:53:46.385	159.464				2
2026.04.23	02:53:46.685	159.463	159.468			6
2026.04.23	02:53:47.474	159.464				2
2026.04.23	02:53:47.775	159.463				2
2026.04.23	02:53:53.519	159.462				2
2026.04.23	02:53:53.821	159.463				2
2026.04.23	02:54:00.177	159.463	159.469			6
2026.04.23	02:54:00.478	159.465				2
2026.04.23	02:54:04.996	159.464				2
2026.04.23	02:54:05.897	159.470	159.476			6
2026.04.23	02:54:06.197	159.471				2
2026.04.23	02:54:06.797	159.472	159.477			6
2026.04.23	02:54:07.098	159.471	159.476			6
2026.04.23	02:54:14.020		159.475			4
2026.04.23	02:54:19.136	159.469	159.474			6
2026.04.23	02:54:20.342	159.467	159.472			6
2026.04.23	02:54:20.942	159.468	159.473			6
2026.04.23	02:54:26.958		159.474			4
2026.04.23	02:54:27.559	159.467				2
2026.04.23	02:54:28.068		159.473			4
2026.04.23	02:54:29.191	159.468				2
2026.04.23	02:54:33.097	159.469	159.474			6
2026.04.23	02:54:34.307	159.468				2
2026.04.23	02:54:38.526	159.466	159.471			6
2026.04.23	02:54:38.826	159.465				2
2026.04.23	02:54:39.431	159.466	159.473			6
2026.04.23	02:54:39.727	159.465	159.471			6
2026.04.23	02:54:41.231	159.466				2
2026.04.23	02:54:43.942	159.467	159.473			6
2026.04.23	02:54:44.240	159.468				2
2026.04.23	02:54:44.543		159.474			4
2026.04.23	02:54:47.374	159.467	159.473			6
2026.04.23	02:54:47.675	159.466				2
2026.04.23	02:54:47.977	159.467				2
2026.04.23	02:54:53.993	159.468				2
2026.04.23	02:54:54.293	159.469				2
2026.04.23	02:54:57.596	159.468				2
2026.04.23	02:55:00.003	159.468				2
2026.04.23	02:55:00.603	159.469	159.474			6
2026.04.23	02:55:00.904	159.470	159.475			6
2026.04.23	02:55:01.805	159.477	159.478			6
2026.04.23	02:55:02.105	159.482	159.486			6
2026.04.23	02:55:02.407	159.483				2
2026.04.23	02:55:03.311	159.482				2
2026.04.23	02:55:04.213	159.483	159.489			6
2026.04.23	02:55:04.513	159.484				2
2026.04.23	02:55:05.415	159.483				2
2026.04.23	02:55:06.018	159.492	159.496			6
2026.04.23	02:55:06.319	159.491	159.494			6
2026.04.23	02:55:06.620	159.490	159.495			6
2026.04.23	02:55:06.920	159.489	159.494			6
2026.04.23	02:55:07.222	159.488				2
2026.04.23	02:55:08.128		159.493			4
2026.04.23	02:55:09.029	159.483	159.489			6
2026.04.23	02:55:09.331	159.484				2
2026.04.23	02:55:10.833	159.483				2
2026.04.23	02:55:11.135	159.484				2
2026.04.23	02:55:11.737	159.485				2
2026.04.23	02:55:12.039		159.490			4
2026.04.23	02:55:13.244	159.484				2
2026.04.23	02:55:13.544	159.485				2
2026.04.23	02:55:14.145		159.489			4
2026.04.23	02:55:15.948		159.490			4
2026.04.23	02:55:16.248	159.484				2
2026.04.23	02:55:17.171		159.489			4
2026.04.23	02:55:23.183		159.490			4
2026.04.23	02:55:23.785		159.489			4
2026.04.23	02:55:26.188	159.483				2
2026.04.23	02:55:29.194	159.482				2
2026.04.23	02:55:31.473	159.484				2
2026.04.23	02:55:32.078	159.483				2
2026.04.23	02:55:33.452	159.486	159.493			6
2026.04.23	02:55:33.755	159.487				2
2026.04.23	02:55:35.258	159.486	159.492			6
2026.04.23	02:55:35.557	159.485	159.490			6
2026.04.23	02:55:35.858	159.484				2
2026.04.23	02:55:37.062		159.489			4
2026.04.23	02:55:40.367		159.490			4
2026.04.23	02:55:43.072		159.489			4
2026.04.23	02:55:51.492		159.490			4
2026.04.23	02:55:52.394	159.485				2
2026.04.23	02:55:53.294	159.486	159.493			6
2026.04.23	02:55:53.595	159.487				2
2026.04.23	02:55:54.198		159.492			4
2026.04.23	02:56:00.214	159.487				2
2026.04.23	02:56:00.813	159.490	159.494			6
2026.04.23	02:56:01.114	159.489				2
2026.04.23	02:56:02.317	159.488	159.493			6
2026.04.23	02:56:05.270	159.489				2
2026.04.23	02:56:06.174	159.488				2
2026.04.23	02:56:06.477		159.494			4
2026.04.23	02:56:06.777	159.489				2
2026.04.23	02:56:07.080	159.488				2
2026.04.23	02:56:07.896	159.489				2
2026.04.23	02:56:09.398	159.488				2
2026.04.23	02:56:10.300		159.493			4
2026.04.23	02:56:10.599		159.494			4
2026.04.23	02:56:16.611	159.487				2
2026.04.23	02:56:19.377	159.488				2
2026.04.23	02:56:21.483		159.493			4
2026.04.23	02:56:23.285		159.492			4
2026.04.23	02:56:23.586		159.493			4
2026.04.23	02:56:25.521		159.494			4
2026.04.23	02:56:26.606	159.493	159.496			6
2026.04.23	02:56:27.210	159.492				2
2026.04.23	02:56:27.513	159.493	159.497			6
2026.04.23	02:56:28.116	159.489	159.494			6
2026.04.23	02:56:28.417	159.488	159.493			6
2026.04.23	02:56:28.728		159.492			4
2026.04.23	02:56:29.029		159.493			4
2026.04.23	02:56:29.329		159.492			4
2026.04.23	02:56:29.930		159.493			4
2026.04.23	02:56:30.230		159.492			4
2026.04.23	02:56:30.531		159.493			4
2026.04.23	02:56:32.663	159.487	159.492			6
2026.04.23	02:56:32.963	159.486				2
2026.04.23	02:56:34.465	159.487				2
2026.04.23	02:56:35.922		159.493			4
2026.04.23	02:56:37.627	159.486	159.492			6
2026.04.23	02:56:39.430	159.485				2
2026.04.23	02:56:40.030		159.491			4
2026.04.23	02:56:40.630		159.492			4
2026.04.23	02:56:42.758		159.491			4
2026.04.23	02:56:43.651	159.486	159.492			6
2026.04.23	02:56:51.768	159.485	159.491			6
2026.04.23	02:56:52.068	159.484				2
2026.04.23	02:56:56.731	159.485	159.492			6
2026.04.23	02:57:00.280	159.485				2
2026.04.23	02:57:00.580	159.484	159.491			6
2026.04.23	02:57:01.482	159.486	159.492			6
2026.04.23	02:57:01.816	159.485				2
2026.04.23	02:57:03.716	159.487	159.493			6
2026.04.23	02:57:05.822	159.486				2
2026.04.23	02:57:06.424		159.492			4
2026.04.23	02:57:08.229	159.485				2
2026.04.23	02:57:08.829	159.486				2
2026.04.23	02:57:10.406	159.485	159.491			6
2026.04.23	02:57:12.377	159.487	159.492			6
2026.04.23	02:57:22.302	159.485	159.490			6
2026.04.23	02:57:23.502		159.491			4
2026.04.23	02:57:29.652		159.490			4
2026.04.23	02:57:30.554	159.483	159.488			6
2026.04.23	02:57:31.757	159.484	159.489			6
2026.04.23	02:57:34.740		159.488			4
2026.04.23	02:57:39.760		159.489			4
2026.04.23	02:57:50.616		159.487			4
2026.04.23	02:57:50.918		159.488			4
2026.04.23	02:57:51.434	159.483				2
2026.04.23	02:57:51.734	159.481				2
2026.04.23	02:57:52.183	159.482				2
2026.04.23	02:57:52.484	159.483				2
2026.04.23	02:57:53.628		159.487			4
2026.04.23	02:57:58.561		159.486			4
2026.04.23	02:57:59.161	159.484	159.485			6
2026.04.23	02:57:59.462	159.482				2
2026.04.23	02:57:59.763	159.481				2
2026.04.23	02:58:00.063	159.481				2
2026.04.23	02:58:00.364	159.482	159.484			6
2026.04.23	02:58:00.664	159.480				2
2026.04.23	02:58:01.860	159.479				2
2026.04.23	02:58:02.461	159.480	159.486			6
2026.04.23	02:58:02.761	159.481				2
2026.04.23	02:58:06.065		159.487			4
2026.04.23	02:58:06.365	159.480				2
2026.04.23	02:58:07.056	159.481				2
2026.04.23	02:58:11.257		159.485			4
2026.04.23	02:58:11.557		159.487			4
2026.04.23	02:58:11.858		159.485			4
2026.04.23	02:58:12.458		159.487			4
2026.04.23	02:58:20.483	159.478	159.485			6
2026.04.23	02:58:21.085		159.484			4
2026.04.23	02:58:21.387		159.482			4
2026.04.23	02:58:21.690		159.483			4
2026.04.23	02:58:21.991		159.482			4
2026.04.23	02:58:34.316	159.479				2
2026.04.23	02:58:35.522		159.484			4
2026.04.23	02:58:35.822	159.480				2
2026.04.23	02:58:36.123		159.482			4
2026.04.23	02:58:37.026		159.485			4
2026.04.23	02:58:37.927	159.479				2
2026.04.23	02:58:39.946	159.480				2
2026.04.23	02:58:41.450		159.484			4
2026.04.23	02:58:41.750	159.479	159.482			6
2026.04.23	02:58:42.050	159.474	159.477			6
2026.04.23	02:58:42.351	159.473				2
2026.04.23	02:58:42.652	159.472				2
2026.04.23	02:58:42.954	159.471	159.475			6
2026.04.23	02:58:50.704		159.474			4
2026.04.23	02:58:51.305	159.473	159.475			6
2026.04.23	02:58:51.606		159.477			4
2026.04.23	02:58:52.207	159.479	159.484			6
2026.04.23	02:58:52.506	159.482	159.485			6
2026.04.23	02:58:52.806	159.481				2
2026.04.23	02:58:53.108	159.482	159.486			6
2026.04.23	02:58:53.408	159.483				2
2026.04.23	02:58:53.773		159.487			4
2026.04.23	02:59:00.275	159.483				2
2026.04.23	02:59:00.876		159.488			4
2026.04.23	02:59:03.438	159.484				2
2026.04.23	02:59:04.707	159.483				2
2026.04.23	02:59:05.042	159.484				2
2026.04.23	02:59:05.344	159.489	159.493			6
2026.04.23	02:59:05.643	159.488				2
2026.04.23	02:59:05.943	159.487				2
2026.04.23	02:59:06.848		159.488			4
2026.04.23	02:59:07.149	159.484	159.486			6
2026.04.23	02:59:07.449	159.483	159.488			6
2026.04.23	02:59:08.561	159.485	159.489			6
2026.04.23	02:59:08.998		159.491			4
2026.04.23	02:59:10.256		159.490			4
2026.04.23	02:59:10.557		159.489			4
2026.04.23	02:59:11.157	159.484				2
2026.04.23	02:59:16.832	159.485	159.491			6
2026.04.23	02:59:17.133		159.490			4
2026.04.23	02:59:18.335	159.484				2
2026.04.23	02:59:18.636	159.485				2
2026.04.23	02:59:18.936		159.492			4
2026.04.23	02:59:20.987	159.484	159.488			6
2026.04.23	02:59:21.714	159.485				2
2026.04.23	02:59:22.699		159.489			4
2026.04.23	02:59:22.999	159.486	159.490			6
2026.04.23	02:59:23.300	159.485				2
2026.04.23	02:59:23.599	159.484				2
2026.04.23	02:59:24.801	159.485				2
2026.04.23	02:59:28.713		159.491			4
2026.04.23	02:59:29.014	159.486				2
2026.04.23	02:59:29.919	159.485				2
2026.04.23	02:59:31.324	159.486				2
2026.04.23	02:59:37.032	159.485				2
2026.04.23	02:59:37.632	159.484	159.489			6
2026.04.23	02:59:38.794		159.490			4
2026.04.23	02:59:39.766		159.492			4
2026.04.23	02:59:41.031	159.485				2
2026.04.23	02:59:50.026	159.486				2
2026.04.23	02:59:50.326	159.485				2
2026.04.23	02:59:50.928	159.486				2
2026.04.23	02:59:57.232	159.487				2
2026.04.23	03:00:00.244	159.491	159.493			6
2026.04.23	03:00:00.541	159.485	159.490			6
2026.04.23	03:00:00.840	159.487	159.491			6
2026.04.23	03:00:01.141	159.488	159.492			6
2026.04.23	03:00:03.476	159.487				2
2026.04.23	03:00:04.979	159.486	159.490			6
2026.04.23	03:00:05.278	159.484				2
2026.04.23	03:00:05.578	159.473	159.477			6
2026.04.23	03:00:05.877	159.483	159.488			6
2026.04.23	03:00:07.930	159.484				2
2026.04.23	03:00:08.533		159.489			4
2026.04.23	03:00:09.733		159.488			4
2026.04.23	03:00:10.638	159.486	159.490			6
2026.04.23	03:00:11.538	159.484	159.489			6
2026.04.23	03:00:16.945	159.483				2
2026.04.23	03:00:17.244	159.484				2
2026.04.23	03:00:17.545	159.483	159.488			6
2026.04.23	03:00:18.502	159.482				2
2026.04.23	03:00:18.803	159.483				2
2026.04.23	03:00:19.404	159.484				2
2026.04.23	03:00:19.703		159.489			4
2026.04.23	03:00:21.206	159.483				2
2026.04.23	03:00:21.507		159.488			4
2026.04.23	03:00:21.807		159.489			4
2026.04.23	03:00:22.116	159.484				2
2026.04.23	03:00:24.922	159.483	159.488			6
2026.04.23	03:00:31.475	159.484				2
2026.04.23	03:00:32.680	159.483				2
2026.04.23	03:00:33.780	159.493	159.494			6
2026.04.23	03:00:35.282	159.492				2
2026.04.23	03:00:35.882		159.496			4
2026.04.23	03:00:36.186	159.493	159.497			6
2026.04.23	03:00:36.484	159.505	159.508			6
2026.04.23	03:00:36.785	159.491	159.495			6
2026.04.23	03:00:37.084	159.493	159.499			6
2026.04.23	03:00:37.685	159.494				2
2026.04.23	03:00:37.986	159.491	159.496			6
2026.04.23	03:00:38.286	159.492	159.497			6
2026.04.23	03:00:38.586	159.493	159.498			6
2026.04.23	03:00:38.885		159.499			4
2026.04.23	03:00:39.186	159.494	159.500			6
2026.04.23	03:00:39.786	159.497	159.502			6
2026.04.23	03:00:40.688	159.496				2
2026.04.23	03:00:40.989	159.497				2
2026.04.23	03:00:41.289	159.496	159.499			6
2026.04.23	03:00:41.589	159.491	159.495			6
2026.04.23	03:00:41.890	159.490				2
2026.04.23	03:00:42.189	159.491	159.496			6
2026.04.23	03:00:42.791	159.490	159.494			6
2026.04.23	03:00:43.091	159.489	159.496			6
2026.04.23	03:00:43.391	159.492	159.498			6
2026.04.23	03:00:44.047	159.493	159.499			6
2026.04.23	03:00:45.460	159.496	159.502			6
2026.04.23	03:00:45.759	159.495				2
2026.04.23	03:00:46.362	159.491	159.496			6
2026.04.23	03:00:46.663	159.492	159.498			6
2026.04.23	03:00:47.566	159.489	159.493			6
2026.04.23	03:00:47.866		159.494			4
2026.04.23	03:00:48.502		159.495			4
2026.04.23	03:00:49.405	159.490				2
2026.04.23	03:00:49.704	159.492	159.497			6
2026.04.23	03:00:50.604	159.494	159.499			6
2026.04.23	03:00:51.505	159.496	159.502			6
2026.04.23	03:00:51.805	159.497				2
2026.04.23	03:00:55.714	159.505	159.508			6
2026.04.23	03:00:56.016		159.509			4
2026.04.23	03:00:56.318	159.502	159.507			6
2026.04.23	03:00:59.019	159.503				2
2026.04.23	03:00:59.619		159.508			4
2026.04.23	03:00:59.920	159.504	159.509			6
2026.04.23	03:01:00.220	159.498	159.502			6
2026.04.23	03:01:01.725		159.503			4
2026.04.23	03:01:02.626		159.502			4
2026.04.23	03:01:02.926		159.503			4
2026.04.23	03:01:03.550		159.502			4
2026.04.23	03:01:04.150	159.499				2
2026.04.23	03:01:04.451	159.500	159.503			6
2026.04.23	03:01:04.751	159.499	159.504			6
2026.04.23	03:01:05.052	159.496	159.500			6
2026.04.23	03:01:05.652	159.495	159.499			6
2026.04.23	03:01:05.953	159.496	159.500			6
2026.04.23	03:01:06.253	159.495				2
2026.04.23	03:01:08.150	159.496	159.502			6
2026.04.23	03:01:08.450	159.497				2
2026.04.23	03:01:09.350	159.499	159.504			6
2026.04.23	03:01:09.650	159.498	159.502			6
2026.04.23	03:01:09.951	159.499	159.504			6
2026.04.23	03:01:10.551	159.500				2
2026.04.23	03:01:10.852	159.499				2
2026.04.23	03:01:11.754	159.506	159.510			6
2026.04.23	03:01:12.054		159.509			4
2026.04.23	03:01:12.354	159.507	159.511			6
2026.04.23	03:01:12.654	159.500	159.503			6
2026.04.23	03:01:12.955	159.501	159.504			6
2026.04.23	03:01:13.254		159.505			4
2026.04.23	03:01:13.556	159.500	159.504			6
2026.04.23	03:01:13.857	159.499	159.503			6
2026.04.23	03:01:14.156		159.504			4
2026.04.23	03:01:14.456	159.500				2
2026.04.23	03:01:14.757	159.499	159.503			6
2026.04.23	03:01:15.715	159.497	159.501			6
2026.04.23	03:01:16.015	159.496				2
2026.04.23	03:01:16.615	159.497				2
2026.04.23	03:01:16.915	159.499	159.503			6
2026.04.23	03:01:18.709	159.498	159.502			6
2026.04.23	03:01:19.309	159.499	159.503			6
2026.04.23	03:01:19.610	159.504	159.507			6
2026.04.23	03:01:19.910	159.506	159.511			6
2026.04.23	03:01:20.512	159.507	159.512			6
2026.04.23	03:01:20.810	159.506				2
2026.04.23	03:01:21.712	159.501	159.506			6
2026.04.23	03:01:22.624	159.505	159.510			6
2026.04.23	03:01:22.924		159.511			4
2026.04.23	03:01:23.224		159.508			4
2026.04.23	03:01:23.524	159.504	159.509			6
2026.04.23	03:01:24.124		159.510			4
2026.04.23	03:01:25.376	159.502	159.507			6
2026.04.23	03:01:25.676	159.501	159.506			6
2026.04.23	03:01:26.950	159.499	159.503			6
2026.04.23	03:01:27.251		159.504			4
2026.04.23	03:01:27.550	159.500	159.505			6
2026.04.23	03:01:27.850	159.499	159.504			6
2026.04.23	03:01:28.804	159.501	159.505			6
2026.04.23	03:01:29.103		159.506			4
2026.04.23	03:01:29.704	159.505	159.510			6
2026.04.23	03:01:30.310	159.506	159.511			6
2026.04.23	03:01:30.607	159.507	159.512			6
2026.04.23	03:01:31.249	159.508	159.513			6
2026.04.23	03:01:35.153	159.501	159.505			6
2026.04.23	03:01:35.454	159.499	159.504			6
2026.04.23	03:01:35.755	159.500				2
2026.04.23	03:01:36.054	159.498	159.502			6
2026.04.23	03:01:36.355	159.497				2
2026.04.23	03:01:36.957	159.499	159.504			6
2026.04.23	03:01:37.257		159.503			4
2026.04.23	03:01:37.557	159.498				2
2026.04.23	03:01:37.858	159.497	159.502			6
2026.04.23	03:01:38.458	159.496				2
2026.04.23	03:01:39.058	159.497				2
2026.04.23	03:01:44.766		159.498			4
2026.04.23	03:01:45.066	159.494				2
2026.04.23	03:01:45.963		159.497			4
2026.04.23	03:01:52.977	159.486	159.491			6
2026.04.23	03:01:53.277	159.487				2
2026.04.23	03:01:53.577	159.485	159.490			6
2026.04.23	03:01:54.178	159.484	159.488			6
2026.04.23	03:01:54.479	159.483	159.487			6
2026.04.23	03:01:54.779	159.484	159.488			6
2026.04.23	03:01:55.680	159.483	159.487			6
2026.04.23	03:01:57.578	159.484	159.488			6
2026.04.23	03:01:58.179		159.489			4
2026.04.23	03:01:58.479		159.488			4
2026.04.23	03:01:59.680	159.483	159.487			6
2026.04.23	03:01:59.982	159.484	159.489			6
2026.04.23	03:02:00.283	159.484				2
2026.04.23	03:02:00.884	159.485	159.490			6
2026.04.23	03:02:01.184	159.484	159.489			6
2026.04.23	03:02:01.784	159.487	159.490			6
2026.04.23	03:02:02.384	159.485				2
2026.04.23	03:02:02.685		159.489			4
2026.04.23	03:02:02.985	159.487	159.491			6
2026.04.23	03:02:03.887		159.492			4
2026.04.23	03:02:04.186		159.490			4
2026.04.23	03:02:04.487		159.491			4
2026.04.23	03:02:04.788	159.484	159.489			6
2026.04.23	03:02:05.688	159.483	159.488			6
2026.04.23	03:02:06.291	159.484				2
2026.04.23	03:02:06.891	159.483	159.487			6
2026.04.23	03:02:15.212	159.484	159.488			6
2026.04.23	03:02:22.370	159.483	159.487			6
2026.04.23	03:02:23.090	159.484	159.488			6
2026.04.23	03:02:23.390	159.483	159.487			6
2026.04.23	03:02:23.991	159.482	159.486			6
2026.04.23	03:02:24.937	159.483	159.487			6
2026.04.23	03:02:25.537	159.482				2
2026.04.23	03:02:27.232	159.483				2
2026.04.23	03:02:31.414	159.484				2
2026.04.23	03:02:31.714	159.483				2
2026.04.23	03:02:34.480	159.474	159.478			6
2026.04.23	03:02:34.780	159.473	159.477			6
2026.04.23	03:02:35.383	159.472	159.476			6
2026.04.23	03:02:39.001	159.470	159.474			6
2026.04.23	03:02:40.580	159.466	159.469			6
2026.04.23	03:02:40.880	159.464	159.468			6
2026.04.23	03:02:43.886	159.468	159.472			6
2026.04.23	03:02:44.187	159.469	159.473			6
