<DATE>	<TIME>	<BID>	<ASK>	<LAST>	<VOLUME>	<FLAGS>
2026.05.15	00:03:30.524	158.311	158.382			6
2026.05.15	00:03:36.842		158.391			4
2026.05.15	00:03:58.231	158.319				2
2026.05.15	00:04:00.038	158.319				2
2026.05.15	00:04:15.381	158.335				2
2026.05.15	00:04:15.982		158.383			4
2026.05.15	00:04:24.226	158.319	158.391			6
2026.05.15	00:04:29.351	158.311				2
2026.05.15	00:04:31.760	158.308				2
2026.05.15	00:04:54.644		158.383			4
2026.05.15	00:05:00.060	158.308				2
2026.05.15	00:05:00.663	158.329				2
2026.05.15	00:05:03.884	158.330				2
2026.05.15	00:05:31.831	158.312				2
2026.05.15	00:05:47.321	158.330				2
2026.05.15	00:06:00.211	158.330	158.383			6
2026.05.15	00:06:17.817	158.312				2
2026.05.15	00:06:33.642		158.390			4
2026.05.15	00:07:00.141	158.312				2
2026.05.15	00:07:10.379	158.333				2
2026.05.15	00:07:33.865		158.390			4
2026.05.15	00:07:40.786	158.312				2
2026.05.15	00:07:41.386	158.333				2
2026.05.15	00:08:00.055	158.333				2
2026.05.15	00:08:11.805	158.312				2
2026.05.15	00:08:34.083		158.390			4
2026.05.15	00:08:37.995	158.333				2
2026.05.15	00:09:00.277	158.333				2
2026.05.15	00:09:09.017	158.312				2
2026.05.15	00:09:34.308		158.390			4
2026.05.15	00:09:58.683	158.333				2
2026.05.15	00:10:00.193	158.333				2
2026.05.15	00:10:00.489	158.311				2
2026.05.15	00:10:01.393	158.333				2
2026.05.15	00:10:11.939	158.311				2
2026.05.15	00:10:34.522		158.390			4
2026.05.15	00:10:54.393	158.333				2
2026.05.15	00:10:55.297	158.335				2
2026.05.15	00:11:00.125	158.335				2
2026.05.15	00:11:08.250	158.311				2
2026.05.15	00:11:21.487	158.335				2
2026.05.15	00:11:32.026		158.374			4
2026.05.15	00:11:32.331		158.390			4
2026.05.15	00:11:32.627		158.374			4
2026.05.15	00:11:32.933		158.390			4
2026.05.15	00:11:33.230		158.374			4
2026.05.15	00:11:33.536		158.390			4
2026.05.15	00:11:33.834		158.374			4
2026.05.15	00:11:34.136		158.390			4
2026.05.15	00:11:34.434		158.374			4
2026.05.15	00:11:34.740		158.390			4
2026.05.15	00:11:35.341		158.374			4
2026.05.15	00:11:35.644		158.390			4
2026.05.15	00:11:52.787	158.311				2
2026.05.15	00:12:00.021	158.311				2
2026.05.15	00:12:31.624	158.310				2
2026.05.15	00:12:35.836		158.390			4
2026.05.15	00:12:51.445	158.334				2
2026.05.15	00:13:00.181	158.334				2
2026.05.15	00:13:22.156	158.312				2
2026.05.15	00:13:35.999		158.390			4
2026.05.15	00:13:51.045	158.310				2
2026.05.15	00:14:00.084	158.310				2
2026.05.15	00:14:07.602	158.334				2
2026.05.15	00:14:36.180		158.390			4
2026.05.15	00:14:38.582	158.310				2
2026.05.15	00:14:43.393	158.334				2
2026.05.15	00:15:00.271	158.334				2
2026.05.15	00:15:07.392	158.342				2
2026.05.15	00:15:14.913	158.310				2
2026.05.15	00:15:15.215	158.318				2
2026.05.15	00:15:15.817		158.386			4
2026.05.15	00:15:17.021		158.390			4
2026.05.15	00:16:00.045	158.318				2
2026.05.15	00:16:07.272	158.317				2
2026.05.15	00:16:10.279	158.341				2
2026.05.15	00:16:12.681	158.301				2
2026.05.15	00:16:12.986		158.395			4
2026.05.15	00:16:13.510		158.390			4
2026.05.15	00:16:18.640	158.296				2
2026.05.15	00:16:19.542	158.301				2
2026.05.15	00:16:40.920	158.296				2
2026.05.15	00:16:55.370	158.301				2
2026.05.15	00:17:00.180	158.301				2
2026.05.15	00:17:13.733		158.390			4
2026.05.15	00:17:26.364	158.298				2
2026.05.15	00:17:42.341		158.361			4
2026.05.15	00:18:00.098	158.298				2
2026.05.15	00:18:10.341	158.305	158.371			6
2026.05.15	00:18:12.744		158.373			4
2026.05.15	00:18:20.564	158.310	158.383			6
2026.05.15	00:18:22.065	158.318				2
2026.05.15	00:18:31.490	158.321	158.391			6
2026.05.15	00:18:53.455	158.315				2
2026.05.15	00:19:00.080	158.315				2
2026.05.15	00:19:01.283		158.383			4
2026.05.15	00:19:02.486		158.388			4
2026.05.15	00:19:12.732	158.282				2
2026.05.15	00:19:13.637	158.318				2
2026.05.15	00:19:14.540	158.315	158.383			6
2026.05.15	00:19:14.839		158.384			4
2026.05.15	00:19:31.395		158.383			4
2026.05.15	00:19:42.845		158.385			4
2026.05.15	00:19:47.058	158.329				2
2026.05.15	00:19:56.052	158.331				2
2026.05.15	00:20:00.628	158.331				2
2026.05.15	00:20:02.129		158.384			4
2026.05.15	00:20:02.431		158.385			4
2026.05.15	00:20:14.755		158.386			4
2026.05.15	00:20:17.729	158.301				2
2026.05.15	00:20:24.044	158.297				2
2026.05.15	00:20:25.851	158.331				2
2026.05.15	00:20:27.930		158.385			4
2026.05.15	00:20:57.024	158.286				2
2026.05.15	00:21:00.929	158.286				2
2026.05.15	00:21:22.352	158.331				2
2026.05.15	00:21:28.530		158.385			4
2026.05.15	00:21:40.143	158.340	158.406			6
2026.05.15	00:21:40.750	158.302				2
2026.05.15	00:21:41.652	158.345				2
2026.05.15	00:21:51.658	158.302	158.388			6
2026.05.15	00:21:52.257	158.336				2
2026.05.15	00:21:52.560	158.338				2
2026.05.15	00:21:53.162	158.273	158.385			6
2026.05.15	00:21:53.762	158.278				2
2026.05.15	00:22:00.930	158.278				2
2026.05.15	00:22:02.859	158.328				2
2026.05.15	00:22:25.801		158.377			4
2026.05.15	00:22:28.728	158.323				2
2026.05.15	00:22:30.930	158.318	158.397			6
2026.05.15	00:22:33.247	158.287				2
2026.05.15	00:22:45.885	158.300	158.406			6
2026.05.15	00:23:00.034	158.300				2
2026.05.15	00:23:00.335		158.405			4
2026.05.15	00:23:16.579		158.395			4
2026.05.15	00:23:16.879	158.288				2
2026.05.15	00:23:25.295	158.281				2
2026.05.15	00:23:30.663	158.329				2
2026.05.15	00:24:00.029	158.329				2
2026.05.15	00:24:00.337	158.280				2
2026.05.15	00:24:01.240	158.327				2
2026.05.15	00:24:01.540	158.282				2
2026.05.15	00:24:07.111	158.283				2
2026.05.15	00:24:11.631		158.386			4
2026.05.15	00:24:16.744	158.282				2
2026.05.15	00:24:57.030		158.382			4
2026.05.15	00:25:00.037	158.282				2
2026.05.15	00:25:03.042	158.332				2
2026.05.15	00:25:06.644		158.377			4
2026.05.15	00:25:33.891	158.274	158.367			6
2026.05.15	00:25:34.491	158.282				2
2026.05.15	00:25:56.617	158.332				2
2026.05.15	00:26:00.929	158.332				2
2026.05.15	00:26:27.679	158.282				2
2026.05.15	00:26:34.394		158.367			4
2026.05.15	00:26:56.720	158.332				2
2026.05.15	00:27:01.229	158.332				2
2026.05.15	00:27:18.494	158.282				2
2026.05.15	00:27:18.794	158.273				2
2026.05.15	00:27:19.396	158.332				2
2026.05.15	00:27:27.737	158.282				2
2026.05.15	00:27:38.129		158.367			4
2026.05.15	00:27:51.973	158.332				2
2026.05.15	00:28:00.629	158.332				2
2026.05.15	00:28:22.715	158.282				2
2026.05.15	00:28:40.560		158.367			4
2026.05.15	00:28:42.451	158.332				2
2026.05.15	00:29:00.297	158.332				2
2026.05.15	00:29:00.899	158.323	158.372			6
2026.05.15	00:29:10.838	158.317	158.365			6
2026.05.15	00:29:12.085	158.320				2
2026.05.15	00:29:13.218	158.267				2
2026.05.15	00:29:20.533	158.261				2
2026.05.15	00:29:20.833	158.256				2
2026.05.15	00:29:21.436	158.267				2
2026.05.15	00:29:26.084	158.320				2
2026.05.15	00:29:51.018	158.321				2
2026.05.15	00:29:56.549	158.267				2
2026.05.15	00:30:00.101	158.267				2
2026.05.15	00:30:02.319	158.262				2
2026.05.15	00:30:02.620	158.257				2
2026.05.15	00:30:03.225	158.267				2
2026.05.15	00:30:05.800		158.366			4
2026.05.15	00:30:52.611	158.321				2
2026.05.15	00:31:00.801	158.321	158.367			6
2026.05.15	00:31:23.716	158.267				2
2026.05.15	00:31:46.213	158.303	158.371			6
2026.05.15	00:31:47.713	158.304	158.358			6
2026.05.15	00:31:48.013	158.303	158.357			6
2026.05.15	00:31:48.918		158.354			4
2026.05.15	00:31:51.627	158.264	158.352			6
2026.05.15	00:31:54.035	158.257				2
2026.05.15	00:31:57.342	158.251	158.343			6
2026.05.15	00:31:57.642	158.250				2
2026.05.15	00:32:00.045	158.250				2
2026.05.15	00:32:06.657	158.283				2
2026.05.15	00:32:09.062	158.250				2
2026.05.15	00:32:09.664	158.286				2
2026.05.15	00:32:12.376	158.293	158.348			6
2026.05.15	00:32:23.985	158.288	158.347			6
2026.05.15	00:32:29.401		158.340			4
2026.05.15	00:32:34.577	158.286				2
2026.05.15	00:32:36.968	158.270				2
2026.05.15	00:32:37.678	158.272	158.349			6
2026.05.15	00:32:37.980	158.271				2
2026.05.15	00:32:40.700	158.284	158.398			6
2026.05.15	00:32:51.132	158.276	158.383			6
2026.05.15	00:32:51.433	158.272	158.373			6
2026.05.15	00:32:52.034		158.374			4
2026.05.15	00:32:59.552	158.273	158.364			6
2026.05.15	00:33:00.154	158.273				2
2026.05.15	00:33:09.782		158.361			4
2026.05.15	00:33:11.127	158.274				2
2026.05.15	00:33:16.539	158.273				2
2026.05.15	00:33:20.413	158.272				2
2026.05.15	00:33:24.743	158.291				2
2026.05.15	00:33:30.361		158.350			4
2026.05.15	00:33:41.568	158.292				2
2026.05.15	00:33:52.069	158.296				2
2026.05.15	00:33:56.067	158.271				2
2026.05.15	00:34:01.174	158.271				2
2026.05.15	00:34:01.477	158.279				2
2026.05.15	00:34:03.581	158.278	158.380			6
2026.05.15	00:34:03.881	158.282				2
2026.05.15	00:34:04.180	158.278				2
2026.05.15	00:34:11.268	158.274	158.368			6
2026.05.15	00:34:24.797	158.275				2
2026.05.15	00:34:35.219	158.294				2
2026.05.15	00:34:39.963	158.295	158.358			6
2026.05.15	00:34:46.410	158.293				2
2026.05.15	00:34:48.630	158.288	158.369			6
2026.05.15	00:34:57.931	158.291				2
2026.05.15	00:35:00.032	158.291				2
2026.05.15	00:35:04.964	158.293				2
2026.05.15	00:35:05.926	158.270				2
2026.05.15	00:35:29.992		158.359			4
2026.05.15	00:35:55.263	158.294				2
2026.05.15	00:36:00.030	158.294				2
2026.05.15	00:36:24.882		158.355			4
2026.05.15	00:36:26.392	158.270				2
2026.05.15	00:36:40.244	158.269				2
2026.05.15	00:36:42.648	158.263				2
2026.05.15	00:36:44.675	158.262				2
2026.05.15	00:36:55.231	158.294				2
2026.05.15	00:37:00.111	158.294				2
2026.05.15	00:37:19.883		158.358			4
2026.05.15	00:37:24.898		158.353			4
2026.05.15	00:37:26.405	158.261				2
2026.05.15	00:37:28.810	158.262	158.358			6
2026.05.15	00:37:29.113	158.261				2
2026.05.15	00:37:33.187	158.294				2
2026.05.15	00:38:01.653	158.294				2
2026.05.15	00:38:03.912	158.260				2
2026.05.15	00:38:14.885		158.354			4
2026.05.15	00:38:21.704	158.261				2
2026.05.15	00:38:22.053	158.294				2
2026.05.15	00:38:53.133	158.260				2
2026.05.15	00:39:00.442	158.260				2
2026.05.15	00:39:13.786	158.294				2
2026.05.15	00:39:14.699	158.292				2
2026.05.15	00:39:19.341		158.354			4
2026.05.15	00:39:26.089	158.293				2
2026.05.15	00:39:32.065	158.276	158.374			6
2026.05.15	00:39:32.368	158.279	158.376			6
2026.05.15	00:39:33.269	158.275	158.381			6
2026.05.15	00:39:38.686	158.278				2
2026.05.15	00:39:44.721	158.271				2
2026.05.15	00:39:45.321	158.270				2
2026.05.15	00:39:51.942	158.278				2
2026.05.15	00:40:00.060	158.278				2
2026.05.15	00:40:00.361	158.285	158.380			6
2026.05.15	00:40:01.265		158.381			4
2026.05.15	00:40:10.883	158.320	158.385			6
2026.05.15	00:40:11.785	158.340	158.386			6
2026.05.15	00:40:12.086		158.389			4
2026.05.15	00:40:13.893		158.384			4
2026.05.15	00:40:14.194		158.377			4
2026.05.15	00:40:14.494		158.375			4
2026.05.15	00:40:14.794		158.378			4
2026.05.15	00:40:15.698	158.337				2
2026.05.15	00:40:21.723	158.329				2
2026.05.15	00:40:22.926	158.314				2
2026.05.15	00:40:33.746	158.313				2
2026.05.15	00:40:41.859	158.314				2
2026.05.15	00:40:50.871		158.377			4
2026.05.15	00:40:56.804	158.317				2
2026.05.15	00:40:57.383		158.370			4
2026.05.15	00:40:57.684	158.316				2
2026.05.15	00:41:00.156	158.316				2
2026.05.15	00:41:02.515	158.313				2
2026.05.15	00:41:06.930	158.331	158.403			6
2026.05.15	00:41:07.230		158.402			4
2026.05.15	00:41:10.834	158.328	158.394			6
2026.05.15	00:41:11.450		158.398			4
2026.05.15	00:41:15.223		158.394			4
2026.05.15	00:41:17.298	158.327	158.402			6
2026.05.15	00:41:20.004	158.351	158.406			6
2026.05.15	00:41:20.304		158.398			4
2026.05.15	00:41:20.904	158.359				2
2026.05.15	00:41:21.204		158.399			4
2026.05.15	00:41:22.105		158.401			4
2026.05.15	00:41:23.006	158.355	158.409			6
2026.05.15	00:41:23.305		158.401			4
2026.05.15	00:41:30.509		158.407			4
2026.05.15	00:41:35.420		158.397			4
2026.05.15	00:41:35.721		158.400			4
2026.05.15	00:41:38.725		158.401			4
2026.05.15	00:41:41.128	158.359	158.402			6
2026.05.15	00:41:45.641		158.403			4
2026.05.15	00:41:46.241		158.400			4
2026.05.15	00:41:49.544	158.342				2
2026.05.15	00:41:54.051		158.396			4
2026.05.15	00:41:54.653		158.398			4
2026.05.15	00:41:56.455	158.340	158.393			6
2026.05.15	00:42:00.060	158.340				2
2026.05.15	00:42:00.361	158.341				2
2026.05.15	00:42:05.466	158.343	158.398			6
2026.05.15	00:42:05.766		158.406			4
2026.05.15	00:42:06.970	158.342				2
2026.05.15	00:42:17.814		158.394			4
2026.05.15	00:42:20.299	158.343				2
2026.05.15	00:42:40.759	158.359				2
2026.05.15	00:42:58.846		158.407			4
2026.05.15	00:42:59.145	158.341				2
2026.05.15	00:43:00.049	158.341				2
2026.05.15	00:43:01.851	158.360	158.395			6
2026.05.15	00:43:02.152	158.359	158.394			6
2026.05.15	00:43:12.030	158.341				2
2026.05.15	00:43:16.968	158.342				2
2026.05.15	00:43:30.597	158.345				2
2026.05.15	00:43:30.898	158.344				2
2026.05.15	00:43:35.914	158.343				2
2026.05.15	00:43:39.330	158.359				2
2026.05.15	00:43:52.781	158.358				2
2026.05.15	00:44:00.298	158.358				2
2026.05.15	00:44:03.029		158.394			4
2026.05.15	00:44:07.830		158.392			4
2026.05.15	00:44:10.529	158.342				2
2026.05.15	00:44:20.430	158.357				2
2026.05.15	00:44:21.330	158.342	158.366			6
2026.05.15	00:44:21.632	158.357	158.392			6
2026.05.15	00:44:21.932	158.342	158.366			6
2026.05.15	00:44:22.233	158.357	158.392			6
2026.05.15	00:44:22.533	158.342	158.366			6
2026.05.15	00:44:22.870	158.357	158.392			6
2026.05.15	00:44:23.168	158.342	158.366			6
2026.05.15	00:44:23.468	158.357	158.392			6
2026.05.15	00:44:23.772	158.342	158.366			6
2026.05.15	00:44:24.072		158.392			4
2026.05.15	00:45:00.003	158.343				2
2026.05.15	00:45:02.634	158.335	158.401			6
2026.05.15	00:45:05.639	158.344	158.393			6
2026.05.15	00:45:05.940	158.343	158.392			6
2026.05.15	00:45:07.907	158.358				2
2026.05.15	00:45:20.747	158.359				2
2026.05.15	00:45:39.030	158.343				2
2026.05.15	00:46:00.030	158.343				2
2026.05.15	00:46:00.330	158.344				2
2026.05.15	00:46:05.091	158.342				2
2026.05.15	00:46:07.230		158.392			4
2026.05.15	00:46:07.818	158.357				2
2026.05.15	00:46:22.181	158.342				2
2026.05.15	00:46:22.631	158.357				2
2026.05.15	00:46:39.035	158.343				2
2026.05.15	00:46:50.299	158.344				2
2026.05.15	00:47:00.298	158.344				2
2026.05.15	00:47:02.572	158.328	158.394			6
2026.05.15	00:47:05.579	158.345	158.393			6
2026.05.15	00:47:05.879	158.344	158.392			6
2026.05.15	00:47:37.788	158.357				2
2026.05.15	00:48:00.299	158.357				2
2026.05.15	00:48:09.118	158.344	158.392			6
2026.05.15	00:48:46.417	158.345				2
2026.05.15	00:49:00.299	158.345				2
2026.05.15	00:49:04.937	158.357				2
2026.05.15	00:49:09.929		158.392			4
2026.05.15	00:49:35.389	158.345				2
2026.05.15	00:49:51.652	158.357				2
2026.05.15	00:50:00.030	158.357				2
2026.05.15	00:50:10.560		158.392			4
2026.05.15	00:50:17.514	158.359	158.393			6
2026.05.15	00:50:20.597		158.392			4
2026.05.15	00:50:22.530	158.350	158.393			6
2026.05.15	00:50:26.664	158.356	158.396			6
2026.05.15	00:50:53.325	158.351	158.393			6
2026.05.15	00:51:00.300	158.351				2
2026.05.15	00:51:13.161	158.358				2
2026.05.15	00:51:20.599		158.392			4
2026.05.15	00:51:26.432		158.393			4
2026.05.15	00:51:33.929	158.357				2
2026.05.15	00:51:44.083	158.350				2
2026.05.15	00:52:00.680	158.350				2
2026.05.15	00:52:27.330		158.393			4
2026.05.15	00:52:41.007	158.357				2
2026.05.15	00:53:00.298	158.357				2
2026.05.15	00:53:03.434	158.350				2
2026.05.15	00:53:04.184	158.357				2
2026.05.15	00:53:12.362	158.350				2
2026.05.15	00:53:14.985	158.348	158.391			6
2026.05.15	00:53:21.143	158.357				2
2026.05.15	00:53:35.807		158.390			4
2026.05.15	00:53:51.558	158.349				2
2026.05.15	00:53:54.849	158.357				2
2026.05.15	00:54:00.298	158.357				2
2026.05.15	00:54:15.881	158.349				2
2026.05.15	00:54:16.932	158.357				2
2026.05.15	00:54:25.528	158.349				2
2026.05.15	00:54:39.330		158.390			4
2026.05.15	00:55:03.960	158.357				2
2026.05.15	00:55:06.783	158.349				2
2026.05.15	00:55:07.532	158.357				2
2026.05.15	00:55:09.394		158.394			4
2026.05.15	00:55:09.693		158.390			4
2026.05.15	00:55:16.767	158.353	158.389			6
2026.05.15	00:55:21.278	158.354				2
2026.05.15	00:55:23.682		158.388			4
2026.05.15	00:55:24.884		158.389			4
2026.05.15	00:55:31.497		158.390			4
2026.05.15	00:55:33.314		158.389			4
2026.05.15	00:55:34.815	158.341				2
2026.05.15	00:55:35.718		158.388			4
2026.05.15	00:55:42.031	158.340	158.389			6
2026.05.15	00:55:42.935		158.388			4
2026.05.15	00:55:50.454		158.389			4
2026.05.15	00:56:00.081	158.340				2
2026.05.15	00:56:03.684		158.390			4
2026.05.15	00:56:16.922	158.338				2
2026.05.15	00:56:23.245	158.354				2
2026.05.15	00:56:44.896		158.391			4
2026.05.15	00:56:48.501		158.374			4
2026.05.15	00:56:48.802	158.332	158.360			6
2026.05.15	00:56:50.005		158.358			4
2026.05.15	00:56:51.811		158.359			4
2026.05.15	00:56:53.623	158.311				2
2026.05.15	00:56:56.034		158.360			4
2026.05.15	00:56:57.840	158.253	158.383			6
2026.05.15	00:56:58.141	158.266	158.382			6
2026.05.15	00:56:59.044	158.271				2
2026.05.15	00:56:59.649		158.379			4
2026.05.15	00:56:59.947	158.274	158.385			6
2026.05.15	00:57:00.247	158.274	158.382			6
2026.05.15	00:57:00.547		158.380			4
2026.05.15	00:57:00.848	158.276	158.384			6
2026.05.15	00:57:01.452		158.381			4
2026.05.15	00:57:01.750		158.383			4
2026.05.15	00:57:02.052		158.382			4
2026.05.15	00:57:02.354		158.379			4
2026.05.15	00:57:03.853		158.378			4
2026.05.15	00:57:04.756		158.377			4
2026.05.15	00:57:05.957		158.375			4
2026.05.15	00:57:06.860		158.373			4
2026.05.15	00:57:07.460		158.372			4
2026.05.15	00:57:08.062		158.371			4
2026.05.15	00:57:09.262		158.370			4
2026.05.15	00:57:09.566		158.369			4
2026.05.15	00:57:10.467		158.368			4
2026.05.15	00:57:11.065		158.367			4
2026.05.15	00:57:12.273		158.366			4
2026.05.15	00:57:12.874		158.367			4
2026.05.15	00:57:15.880		158.366			4
2026.05.15	00:57:17.988		158.365			4
2026.05.15	00:57:18.889		158.366			4
2026.05.15	00:57:20.690		158.367			4
2026.05.15	00:57:21.589		158.368			4
2026.05.15	00:57:23.390		158.365			4
2026.05.15	00:57:24.896		158.368			4
2026.05.15	00:57:25.497		158.369			4
2026.05.15	00:57:27.303		158.370			4
2026.05.15	00:57:29.410		158.369			4
2026.05.15	00:57:30.914		158.370			4
2026.05.15	00:57:38.143		158.369			4
2026.05.15	00:57:39.344		158.367			4
2026.05.15	00:57:39.648		158.370			4
2026.05.15	00:57:40.851		158.371			4
2026.05.15	00:57:41.452		158.369			4
2026.05.15	00:57:42.653		158.370			4
2026.05.15	00:57:50.767		158.364			4
2026.05.15	00:57:51.067		158.365			4
2026.05.15	00:57:53.181		158.364			4
2026.05.15	00:57:54.982		158.367			4
2026.05.15	00:57:57.986		158.365			4
2026.05.15	00:57:58.589		158.367			4
2026.05.15	00:58:00.088	158.276				2
2026.05.15	00:58:00.708		158.365			4
2026.05.15	00:58:01.012		158.367			4
2026.05.15	00:58:05.836		158.365			4
2026.05.15	00:58:08.541		158.367			4
2026.05.15	00:58:10.042		158.365			4
2026.05.15	00:58:11.844		158.367			4
2026.05.15	00:58:15.757		158.366			4
2026.05.15	00:58:16.957		158.365			4
2026.05.15	00:58:20.264		158.367			4
2026.05.15	00:58:21.780		158.368			4
2026.05.15	00:58:27.196		158.366			4
2026.05.15	00:58:27.793		158.368			4
2026.05.15	00:58:37.739		158.367			4
2026.05.15	00:58:38.036		158.368			4
2026.05.15	00:58:38.339		158.369			4
2026.05.15	00:58:41.948		158.368			4
2026.05.15	00:58:47.660		158.366			4
2026.05.15	00:58:47.959		158.370			4
2026.05.15	00:58:58.788	158.274				2
2026.05.15	00:59:00.289	158.274				2
2026.05.15	00:59:18.645		158.371			4
2026.05.15	00:59:18.948		158.370			4
2026.05.15	00:59:23.460		158.371			4
2026.05.15	00:59:24.960		158.369			4
2026.05.15	00:59:30.077		158.371			4
2026.05.15	00:59:34.886		158.369			4
2026.05.15	00:59:39.697		158.368			4
2026.05.15	00:59:39.993		158.341			4
2026.05.15	00:59:41.200		158.342			4
2026.05.15	00:59:44.816		158.341			4
2026.05.15	00:59:45.117		158.343			4
2026.05.15	00:59:47.830		158.344			4
2026.05.15	00:59:48.727	158.276				2
2026.05.15	00:59:49.632		158.368			4
2026.05.15	00:59:50.533	158.339	158.378			6
2026.05.15	00:59:59.547		158.379			4
2026.05.15	01:00:00.149	158.339	158.383			6
2026.05.15	01:00:00.448		158.377			4
2026.05.15	01:00:01.349		158.375			4
2026.05.15	01:00:01.649		158.379			4
2026.05.15	01:00:02.552	158.342	158.376			6
2026.05.15	01:00:02.852		158.381			4
2026.05.15	01:00:03.152	158.296				2
2026.05.15	01:00:05.855	158.343				2
2026.05.15	01:00:06.156	158.342				2
2026.05.15	01:00:06.757		158.366			4
2026.05.15	01:00:07.057		158.349			4
2026.05.15	01:00:07.359		158.350			4
2026.05.15	01:00:07.658		158.349			4
2026.05.15	01:00:07.958		158.350			4
2026.05.15	01:00:08.259	158.348	158.361			6
2026.05.15	01:00:08.559	158.345	158.358			6
2026.05.15	01:00:09.159	158.348	158.361			6
2026.05.15	01:00:11.261	158.352	158.365			6
2026.05.15	01:00:11.862	158.353	158.366			6
2026.05.15	01:00:12.163	158.357	158.370			6
2026.05.15	01:00:12.464	158.356	158.369			6
2026.05.15	01:00:12.766	158.353	158.366			6
2026.05.15	01:00:13.064	158.352	158.365			6
2026.05.15	01:00:13.667	158.351	158.364			6
2026.05.15	01:00:13.966	158.354	158.367			6
2026.05.15	01:00:14.264	158.353	158.366			6
2026.05.15	01:00:14.566	158.355	158.368			6
2026.05.15	01:00:14.866	158.354	158.367			6
2026.05.15	01:00:16.668	158.355	158.368			6
2026.05.15	01:00:16.972	158.356	158.369			6
2026.05.15	01:00:17.569	158.352	158.365			6
2026.05.15	01:00:17.870	158.351	158.364			6
2026.05.15	01:00:18.474	158.354	158.367			6
2026.05.15	01:00:18.772	158.353	158.366			6
2026.05.15	01:00:19.069	158.355	158.368			6
2026.05.15	01:00:19.670	158.351	158.364			6
2026.05.15	01:00:19.972	158.352	158.365			6
2026.05.15	01:00:23.879	158.354	158.367			6
2026.05.15	01:00:25.387	158.355	158.368			6
2026.05.15	01:00:25.689	158.356	158.369			6
2026.05.15	01:00:26.885	158.357	158.370			6
2026.05.15	01:00:27.485	158.355	158.368			6
2026.05.15	01:00:28.082	158.356	158.369			6
2026.05.15	01:00:28.382	158.352	158.365			6
2026.05.15	01:00:28.683	158.354	158.367			6
2026.05.15	01:00:28.987	158.353	158.366			6
2026.05.15	01:00:31.386	158.351	158.364			6
2026.05.15	01:00:31.691	158.348	158.361			6
2026.05.15	01:00:35.590	158.354	158.367			6
2026.05.15	01:00:35.893	158.349	158.360			6
2026.05.15	01:00:36.495	158.348				2
2026.05.15	01:00:36.796	158.353	158.366			6
2026.05.15	01:00:38.901	158.354	158.367			6
2026.05.15	01:00:40.102	158.356	158.365			6
2026.05.15	01:00:43.108	158.355	158.364			6
2026.05.15	01:00:43.409	158.357	158.366			6
2026.05.15	01:00:43.710	158.355	158.364			6
2026.05.15	01:00:44.012	158.356	158.365			6
2026.05.15	01:00:47.625	158.354	158.363			6
2026.05.15	01:00:50.926	158.353	158.362			6
2026.05.15	01:00:53.635	158.352	158.361			6
2026.05.15	01:00:55.143	158.351	158.352			6
2026.05.15	01:00:55.437	158.352	158.361			6
2026.05.15	01:00:55.739	158.351	158.352			6
2026.05.15	01:00:56.039	158.352	158.361			6
2026.05.15	01:00:56.339	158.351	158.352			6
2026.05.15	01:00:56.642	158.352	158.361			6
2026.05.15	01:00:56.943	158.351	158.352			6
2026.05.15	01:00:57.244		158.360			4
2026.05.15	01:00:57.549		158.352			4
2026.05.15	01:00:57.842		158.360			4
2026.05.15	01:00:58.143		158.352			4
2026.05.15	01:00:58.447		158.360			4
2026.05.15	01:00:58.751	158.352	158.361			6
2026.05.15	01:00:59.343	158.350	158.359			6
2026.05.15	01:01:00.244	158.353	158.362			6
2026.05.15	01:01:02.351	158.360	158.366			6
2026.05.15	01:01:02.648		158.368			4
2026.05.15	01:01:08.353	158.361				2
2026.05.15	01:01:08.655	158.369	158.374			6
2026.05.15	01:01:08.952		158.378			4
2026.05.15	01:01:09.257	158.372	158.381			6
2026.05.15	01:01:11.656	158.371	158.380			6
2026.05.15	01:01:14.066	158.370	158.379			6
2026.05.15	01:01:17.364	158.375				2
2026.05.15	01:01:33.283		158.382			4
2026.05.15	01:01:39.590		158.380			4
2026.05.15	01:01:48.306	158.371				2
2026.05.15	01:01:58.527	158.372	158.381			6
2026.05.15	01:01:58.826	158.373	158.382			6
2026.05.15	01:02:00.033	158.373				2
2026.05.15	01:02:07.233		158.381			4
2026.05.15	01:02:15.342	158.372	158.380			6
2026.05.15	01:02:15.645	158.373	158.381			6
2026.05.15	01:02:15.941	158.372	158.380			6
2026.05.15	01:02:17.742	158.373				2
2026.05.15	01:02:19.546		158.381			4
2026.05.15	01:02:19.848	158.374	158.382			6
2026.05.15	01:02:30.655	158.373	158.381			6
2026.05.15	01:02:36.366	158.374				2
2026.05.15	01:02:39.065	158.373	158.380			6
2026.05.15	01:02:39.364	158.375	158.381			6
2026.05.15	01:02:39.668	158.373	158.379			6
2026.05.15	01:02:44.175	158.364	158.371			6
2026.05.15	01:02:44.476	158.363	158.370			6
2026.05.15	01:02:44.778		158.369			4
2026.05.15	01:02:46.878	158.369	158.375			6
2026.05.15	01:02:47.179	158.370	158.378			6
2026.05.15	01:02:47.479	158.372	158.380			6
2026.05.15	01:02:47.778	158.373	158.381			6
2026.05.15	01:02:49.581	158.372	158.380			6
2026.05.15	01:02:49.880	158.373	158.381			6
2026.05.15	01:02:53.486	158.372	158.380			6
2026.05.15	01:02:53.789	158.370	158.378			6
2026.05.15	01:02:54.090	158.371	158.379			6
2026.05.15	01:02:57.688	158.364	158.371			6
2026.05.15	01:02:57.991	158.360	158.368			6
2026.05.15	01:03:00.098	158.360				2
2026.05.15	01:03:18.132	158.361	158.369			6
2026.05.15	01:03:19.932	158.363	158.370			6
2026.05.15	01:03:20.233	158.364	158.372			6
2026.05.15	01:03:20.533	158.365	158.373			6
2026.05.15	01:03:30.147	158.366	158.372			6
2026.05.15	01:03:40.052		158.373			4
2026.05.15	01:03:41.251		158.372			4
2026.05.15	01:03:43.357		158.371			4
2026.05.15	01:03:51.172		158.373			4
2026.05.15	01:03:51.472	158.368	158.375			6
2026.05.15	01:03:53.879	158.367	158.374			6
2026.05.15	01:03:57.784	158.366	158.373			6
2026.05.15	01:03:58.086		158.372			4
2026.05.15	01:04:00.183	158.366				2
2026.05.15	01:04:00.484	158.365				2
2026.05.15	01:04:00.783	158.366				2
2026.05.15	01:04:01.391		158.371			4
2026.05.15	01:04:08.896		158.372			4
2026.05.15	01:04:10.705	158.365	158.371			6
2026.05.15	01:04:11.001	158.363	158.369			6
2026.05.15	01:04:23.928	158.362	158.368			6
2026.05.15	01:04:30.242		158.367			4
2026.05.15	01:04:36.246	158.363	158.368			6
2026.05.15	01:04:36.546	158.362	158.367			6
2026.05.15	01:04:44.662	158.363	158.368			6
2026.05.15	01:04:56.385		158.367			4
2026.05.15	01:05:00.293	158.364	158.368			6
2026.05.15	01:05:20.129	158.365				2
2026.05.15	01:05:29.149	158.366	158.369			6
2026.05.15	01:05:35.757	158.365	158.368			6
2026.05.15	01:05:36.053	158.364	158.367			6
2026.05.15	01:05:38.459	158.366	158.369			6
2026.05.15	01:05:43.273	158.367				2
2026.05.15	01:05:49.885	158.366	158.368			6
2026.05.15	01:05:50.787	158.364	158.366			6
2026.05.15	01:05:54.696	158.366	158.368			6
2026.05.15	01:05:54.998	158.364	158.366			6
2026.05.15	01:05:59.806	158.363	158.365			6
2026.05.15	01:06:00.106	158.363				2
2026.05.15	01:06:00.706	158.362	158.364			6
2026.05.15	01:06:06.117		158.363			4
2026.05.15	01:06:07.624	158.363	158.364			6
2026.05.15	01:06:22.352	158.364	158.365			6
2026.05.15	01:06:22.954	158.365	158.366			6
2026.05.15	01:06:29.262	158.364	158.365			6
2026.05.15	01:06:30.469	158.363	158.364			6
2026.05.15	01:06:40.388	158.365	158.366			6
2026.05.15	01:06:41.289	158.364	158.365			6
2026.05.15	01:06:43.390	158.365	158.366			6
2026.05.15	01:06:43.693	158.366	158.367			6
2026.05.15	01:06:49.705	158.357	158.358			6
2026.05.15	01:06:50.004	158.352	158.353			6
2026.05.15	01:06:50.307	158.351	158.352			6
2026.05.15	01:06:51.211	158.350	158.353			6
2026.05.15	01:06:51.813	158.352	158.355			6
2026.05.15	01:06:54.218	158.348	158.351			6
2026.05.15	01:06:54.519	158.346	158.349			6
2026.05.15	01:06:56.625	158.349	158.350			6
2026.05.15	01:06:56.927		158.352			4
2026.05.15	01:06:57.527	158.347	158.350			6
2026.05.15	01:06:57.829	158.350	158.351			6
2026.05.15	01:06:58.130	158.348				2
2026.05.15	01:06:58.435	158.347	158.350			6
2026.05.15	01:07:00.237	158.347				2
2026.05.15	01:07:03.540	158.351	158.352			6
2026.05.15	01:07:03.845		158.353			4
2026.05.15	01:07:04.147	158.347	158.350			6
2026.05.15	01:07:04.442	158.349	158.352			6
2026.05.15	01:07:04.742	158.347	158.350			6
2026.05.15	01:07:05.046	158.348	158.351			6
2026.05.15	01:07:05.348	158.350	158.353			6
2026.05.15	01:07:05.647	158.348	158.351			6
2026.05.15	01:07:05.946	158.350	158.353			6
2026.05.15	01:07:06.546	158.348	158.351			6
2026.05.15	01:07:06.847	158.350	158.353			6
2026.05.15	01:07:07.145	158.348	158.351			6
2026.05.15	01:07:07.445	158.349	158.352			6
2026.05.15	01:07:07.749	158.347	158.350			6
2026.05.15	01:07:08.049	158.350	158.353			6
2026.05.15	01:07:08.348	158.348	158.350			6
2026.05.15	01:07:08.649	158.349	158.351			6
2026.05.15	01:07:22.167	158.351	158.353			6
2026.05.15	01:07:25.781	158.353	158.355			6
2026.05.15	01:07:26.080	158.355	158.357			6
2026.05.15	01:07:26.379	158.357	158.359			6
2026.05.15	01:07:26.677	158.358	158.360			6
2026.05.15	01:07:36.902	158.356	158.358			6
2026.05.15	01:07:41.412	158.358	158.360			6
2026.05.15	01:07:42.313	158.355	158.357			6
2026.05.15	01:07:42.615	158.350	158.352			6
2026.05.15	01:07:42.917	158.349	158.351			6
2026.05.15	01:07:45.923	158.348	158.350			6
2026.05.15	01:07:47.422	158.346	158.348			6
2026.05.15	01:07:57.352	158.347	158.349			6
2026.05.15	01:07:59.155		158.348			4
2026.05.15	01:08:00.057	158.347				2
2026.05.15	01:08:00.959	158.348	158.349			6
2026.05.15	01:08:11.183	158.349	158.350			6
2026.05.15	01:08:16.892	158.348	158.349			6
2026.05.15	01:08:31.338	158.349	158.350			6
2026.05.15	01:08:39.149	158.350	158.351			6
2026.05.15	01:08:48.461	158.349	158.350			6
2026.05.15	01:09:00.190	158.349				2
2026.05.15	01:09:00.477	158.348	158.349			6
2026.05.15	01:09:04.087	158.353	158.354			6
2026.05.15	01:09:04.389	158.355	158.356			6
2026.05.15	01:09:06.795	158.356	158.357			6
2026.05.15	01:09:09.199	158.355	158.356			6
2026.05.15	01:09:11.005	158.356	158.357			6
2026.05.15	01:09:11.301	158.355	158.356			6
2026.05.15	01:09:11.602	158.356	158.357			6
2026.05.15	01:09:12.205	158.355	158.356			6
2026.05.15	01:09:12.508	158.358	158.359			6
2026.05.15	01:09:13.409	158.357	158.358			6
2026.05.15	01:09:32.953	158.359	158.360			6
2026.05.15	01:09:41.672	158.357	158.358			6
2026.05.15	01:09:44.977	158.358	158.359			6
2026.05.15	01:09:53.388	158.357	158.358			6
2026.05.15	01:10:00.003	158.357				2
2026.05.15	01:10:39.384	158.356	158.357			6
2026.05.15	01:10:39.685	158.357	158.358			6
2026.05.15	01:10:42.090	158.361	158.362			6
2026.05.15	01:10:46.006	158.359	158.360			6
2026.05.15	01:10:46.311	158.360	158.361			6
2026.05.15	01:10:47.812	158.361	158.362			6
2026.05.15	01:10:57.445	158.360	158.361			6
2026.05.15	01:10:57.741	158.361	158.362			6
2026.05.15	01:10:58.647	158.360	158.361			6
2026.05.15	01:11:00.150	158.360				2
2026.05.15	01:11:01.655	158.359	158.360			6
2026.05.15	01:11:02.555	158.358	158.359			6
2026.05.15	01:11:02.855	158.359	158.360			6
2026.05.15	01:11:19.987	158.360	158.361			6
2026.05.15	01:11:22.689	158.359	158.360			6
2026.05.15	01:11:43.159	158.360	158.361			6
2026.05.15	01:12:00.005	158.360				2
2026.05.15	01:12:00.308	158.358	158.359			6
2026.05.15	01:12:01.809	158.361	158.362			6
2026.05.15	01:12:02.112	158.364	158.365			6
2026.05.15	01:12:03.312	158.362	158.363			6
2026.05.15	01:12:03.620	158.360	158.361			6
2026.05.15	01:12:03.916	158.361	158.362			6
2026.05.15	01:12:06.617	158.359	158.360			6
2026.05.15	01:12:09.324	158.360	158.361			6
2026.05.15	01:12:14.144	158.362	158.363			6
2026.05.15	01:12:14.439	158.364	158.365			6
2026.05.15	01:12:16.543	158.368	158.369			6
2026.05.15	01:12:16.843	158.366	158.367			6
2026.05.15	01:12:17.143	158.364	158.365			6
2026.05.15	01:12:18.345	158.365	158.366			6
2026.05.15	01:12:25.260	158.366	158.367			6
2026.05.15	01:12:31.867	158.381	158.382			6
2026.05.15	01:12:32.168	158.383	158.384			6
2026.05.15	01:12:35.775	158.385	158.386			6
2026.05.15	01:12:36.378	158.384	158.385			6
2026.05.15	01:12:36.977	158.381	158.382			6
2026.05.15	01:12:46.293	158.385	158.386			6
2026.05.15	01:12:46.598	158.388	158.389			6
2026.05.15	01:12:46.894	158.387	158.388			6
2026.05.15	01:12:47.196	158.388	158.389			6
2026.05.15	01:12:57.132	158.386	158.387			6
2026.05.15	01:13:00.148	158.386				2
2026.05.15	01:13:00.441	158.391	158.392			6
2026.05.15	01:13:05.844	158.389	158.390			6
2026.05.15	01:13:08.551	158.390	158.391			6
2026.05.15	01:13:10.056	158.388	158.389			6
2026.05.15	01:13:18.168	158.391	158.392			6
2026.05.15	01:13:18.461	158.390	158.391			6
2026.05.15	01:13:32.603	158.389	158.390			6
2026.05.15	01:13:33.807	158.391	158.392			6
2026.05.15	01:13:35.309	158.388	158.389			6
2026.05.15	01:13:37.112	158.390	158.391			6
2026.05.15	01:13:37.414	158.391	158.392			6
2026.05.15	01:13:40.723	158.392	158.393			6
2026.05.15	01:13:41.628	158.393	158.394			6
2026.05.15	01:13:41.935	158.391	158.392			6
2026.05.15	01:13:42.836	158.390	158.391			6
2026.05.15	01:13:46.745	158.389	158.390			6
2026.05.15	01:13:51.857	158.392	158.393			6
2026.05.15	01:13:52.760	158.389	158.390			6
2026.05.15	01:13:55.162	158.390	158.391			6
2026.05.15	01:13:56.064	158.389	158.390			6
2026.05.15	01:13:56.364	158.390	158.391			6
2026.05.15	01:14:00.275	158.390				2
2026.05.15	01:14:00.875	158.388	158.389			6
2026.05.15	01:14:04.178	158.391	158.392			6
2026.05.15	01:14:06.582	158.390	158.391			6
2026.05.15	01:14:06.883	158.391	158.392			6
2026.05.15	01:14:07.784	158.383	158.384			6
2026.05.15	01:14:08.083	158.384	158.385			6
2026.05.15	01:14:09.586	158.383	158.384			6
2026.05.15	01:14:13.796	158.380	158.381			6
2026.05.15	01:14:15.302	158.381	158.382			6
2026.05.15	01:14:18.321	158.382	158.383			6
2026.05.15	01:14:20.124	158.383	158.384			6
2026.05.15	01:14:23.736	158.384	158.385			6
2026.05.15	01:14:24.635	158.381	158.382			6
2026.05.15	01:14:25.541	158.384	158.385			6
2026.05.15	01:14:25.843	158.386	158.387			6
2026.05.15	01:14:29.742	158.387	158.388			6
2026.05.15	01:14:30.942	158.386	158.387			6
2026.05.15	01:14:31.543	158.385	158.386			6
2026.05.15	01:14:34.844	158.387	158.388			6
2026.05.15	01:14:35.748	158.389	158.390			6
2026.05.15	01:14:36.047	158.391	158.392			6
2026.05.15	01:14:44.161	158.390	158.391			6
2026.05.15	01:14:55.903	158.391	158.392			6
2026.05.15	01:14:58.905	158.388	158.389			6
2026.05.15	01:15:00.109	158.388				2
2026.05.15	01:15:00.414	158.390	158.391			6
2026.05.15	01:15:03.113	158.389	158.390			6
2026.05.15	01:15:03.413	158.390	158.391			6
2026.05.15	01:15:03.715	158.389	158.390			6
2026.05.15	01:15:04.016	158.390	158.391			6
2026.05.15	01:15:04.919	158.389	158.390			6
2026.05.15	01:15:13.943	158.388	158.389			6
2026.05.15	01:15:14.244	158.390	158.391			6
2026.05.15	01:15:15.139	158.388	158.389			6
2026.05.15	01:15:15.442	158.387	158.388			6
2026.05.15	01:15:16.647	158.389	158.390			6
2026.05.15	01:15:16.942	158.390	158.391			6
2026.05.15	01:15:22.050	158.391	158.392			6
2026.05.15	01:15:22.649	158.390	158.391			6
2026.05.15	01:15:22.949	158.389	158.390			6
2026.05.15	01:15:34.374	158.391	158.392			6
2026.05.15	01:15:34.974	158.387	158.388			6
2026.05.15	01:15:35.274	158.386	158.387			6
2026.05.15	01:15:36.784	158.384	158.385			6
2026.05.15	01:15:37.080	158.385	158.386			6
2026.05.15	01:15:37.378	158.384	158.385			6
2026.05.15	01:15:43.988	158.385	158.386			6
2026.05.15	01:15:44.588	158.386	158.387			6
2026.05.15	01:15:52.115	158.384	158.385			6
2026.05.15	01:15:52.718	158.385	158.386			6
2026.05.15	01:16:00.240	158.385				2
2026.05.15	01:16:03.245	158.383	158.384			6
2026.05.15	01:16:09.858	158.386	158.387			6
2026.05.15	01:16:13.164	158.384	158.385			6
2026.05.15	01:16:13.464	158.383	158.384			6
2026.05.15	01:16:23.087	158.384	158.385			6
2026.05.15	01:16:26.393	158.380	158.381			6
2026.05.15	01:16:26.700	158.382	158.383			6
2026.05.15	01:16:33.317	158.383	158.384			6
2026.05.15	01:16:33.619	158.382	158.383			6
2026.05.15	01:16:33.920	158.383	158.384			6
2026.05.15	01:16:34.223	158.382	158.383			6
2026.05.15	01:16:34.524	158.383	158.384			6
2026.05.15	01:16:34.824	158.382	158.383			6
2026.05.15	01:16:35.125	158.383	158.384			6
2026.05.15	01:16:36.628	158.382	158.383			6
2026.05.15	01:16:55.868	158.384	158.385			6
2026.05.15	01:16:57.975	158.383	158.384			6
2026.05.15	01:16:59.177	158.373	158.374			6
2026.05.15	01:16:59.476	158.374	158.375			6
2026.05.15	01:17:00.077	158.374				2
2026.05.15	01:17:00.678	158.373	158.374			6
2026.05.15	01:17:00.978	158.375	158.376			6
2026.05.15	01:17:01.879	158.367	158.368			6
2026.05.15	01:17:02.179	158.366	158.367			6
2026.05.15	01:17:02.478	158.367	158.368			6
2026.05.15	01:17:05.181	158.366	158.367			6
2026.05.15	01:17:05.782	158.368	158.369			6
2026.05.15	01:17:06.083	158.367	158.368			6
2026.05.15	01:17:06.386	158.366	158.367			6
2026.05.15	01:17:06.682	158.367	158.368			6
2026.05.15	01:17:06.982	158.366	158.367			6
2026.05.15	01:17:08.789	158.367	158.368			6
2026.05.15	01:17:13.901	158.368	158.369			6
2026.05.15	01:17:15.098	158.367	158.368			6
2026.05.15	01:17:25.337	158.368	158.369			6
2026.05.15	01:17:27.442	158.367	158.368			6
2026.05.15	01:17:34.659	158.369	158.370			6
2026.05.15	01:17:37.364	158.367	158.368			6
2026.05.15	01:17:37.661	158.368	158.369			6
2026.05.15	01:17:37.960	158.367	158.368			6
2026.05.15	01:17:38.862	158.366	158.367			6
2026.05.15	01:17:40.678	158.367	158.368			6
2026.05.15	01:17:42.173	158.366	158.367			6
2026.05.15	01:17:48.482	158.365	158.366			6
2026.05.15	01:17:51.489	158.366	158.367			6
2026.05.15	01:17:51.794	158.365	158.366			6
2026.05.15	01:17:55.095	158.364	158.365			6
2026.05.15	01:17:55.395	158.365	158.366			6
2026.05.15	01:17:56.909	158.364	158.365			6
2026.05.15	01:17:57.198	158.365	158.366			6
2026.05.15	01:17:58.404	158.366	158.367			6
2026.05.15	01:17:58.701	158.365	158.366			6
2026.05.15	01:17:59.302	158.364	158.365			6
2026.05.15	01:18:00.209	158.364				2
2026.05.15	01:18:00.502	158.365	158.366			6
2026.05.15	01:18:07.430	158.366	158.367			6
2026.05.15	01:18:08.623	158.365	158.366			6
2026.05.15	01:18:08.920	158.366	158.367			6
2026.05.15	01:18:10.436	158.376	158.377			6
2026.05.15	01:18:10.736	158.377	158.378			6
2026.05.15	01:18:13.447	158.378	158.379			6
2026.05.15	01:18:13.737	158.379	158.380			6
2026.05.15	01:18:44.128	158.378	158.379			6
2026.05.15	01:18:45.322	158.379	158.380			6
2026.05.15	01:18:45.923	158.378	158.379			6
2026.05.15	01:19:00.053	158.378				2
2026.05.15	01:19:00.354	158.380	158.381			6
2026.05.15	01:19:00.665	158.379	158.380			6
2026.05.15	01:19:01.856	158.380	158.381			6
2026.05.15	01:19:06.963	158.379	158.380			6
2026.05.15	01:19:07.264	158.378	158.379			6
2026.05.15	01:19:12.377	158.379	158.380			6
2026.05.15	01:19:12.677	158.382	158.383			6
2026.05.15	01:19:18.387	158.380	158.381			6
2026.05.15	01:19:21.990	158.381	158.382			6
2026.05.15	01:19:28.007	158.382	158.383			6
2026.05.15	01:19:28.302	158.381	158.382			6
2026.05.15	01:19:38.241	158.382	158.383			6
2026.05.15	01:19:45.146	158.381	158.382			6
2026.05.15	01:19:53.264	158.382	158.383			6
2026.05.15	01:19:53.867	158.381	158.382			6
2026.05.15	01:19:55.966	158.380	158.381			6
2026.05.15	01:20:00.182	158.380				2
2026.05.15	01:20:00.773	158.381	158.382			6
2026.05.15	01:20:10.087	158.380	158.381			6
2026.05.15	01:20:11.289	158.379	158.380			6
2026.05.15	01:20:32.339	158.381	158.382			6
2026.05.15	01:20:32.639	158.380	158.381			6
2026.05.15	01:20:35.051	158.386	158.387			6
2026.05.15	01:20:35.340	158.381	158.382			6
2026.05.15	01:20:35.641	158.379	158.380			6
2026.05.15	01:20:49.173	158.381	158.382			6
2026.05.15	01:20:49.769	158.380	158.381			6
2026.05.15	01:20:50.069	158.381	158.382			6
2026.05.15	01:20:54.281	158.380	158.381			6
2026.05.15	01:20:59.394	158.379	158.380			6
2026.05.15	01:21:00.299	158.379				2
2026.05.15	01:21:01.495	158.380	158.381			6
2026.05.15	01:21:02.700	158.379	158.380			6
2026.05.15	01:21:03.301	158.380	158.381			6
2026.05.15	01:21:32.488	158.379	158.380			6
2026.05.15	01:21:43.918	158.381	158.382			6
2026.05.15	01:21:47.532	158.379	158.380			6
2026.05.15	01:21:49.040	158.378	158.379			6
2026.05.15	01:21:49.644	158.379	158.380			6
2026.05.15	01:21:58.055	158.378	158.379			6
2026.05.15	01:22:00.160	158.378				2
2026.05.15	01:22:00.459	158.379	158.380			6
2026.05.15	01:22:05.268	158.378	158.379			6
2026.05.15	01:22:11.888	158.379	158.380			6
2026.05.15	01:22:15.795	158.378	158.379			6
2026.05.15	01:23:00.040	158.378				2
2026.05.15	01:23:15.973		158.379			4
2026.05.15	01:23:26.796	158.379	158.380			6
2026.05.15	01:23:30.109	158.378	158.379			6
2026.05.15	01:23:33.119	158.379	158.380			6
2026.05.15	01:23:34.625	158.378	158.379			6
2026.05.15	01:23:58.673	158.379	158.380			6
2026.05.15	01:24:00.174	158.379				2
2026.05.15	01:24:03.181	158.378	158.379			6
2026.05.15	01:24:04.084	158.377	158.378			6
2026.05.15	01:24:04.379	158.372	158.373			6
2026.05.15	01:24:04.685	158.371	158.372			6
2026.05.15	01:24:10.086	158.372	158.373			6
2026.05.15	01:24:10.386	158.371	158.372			6
2026.05.15	01:24:14.003	158.372	158.373			6
2026.05.15	01:24:19.425	158.371	158.372			6
2026.05.15	01:24:19.722	158.372	158.373			6
2026.05.15	01:24:24.229	158.373	158.374			6
2026.05.15	01:24:26.931	158.372	158.373			6
2026.05.15	01:24:27.234	158.371	158.372			6
2026.05.15	01:24:31.145	158.372	158.373			6
2026.05.15	01:24:31.441	158.375	158.376			6
2026.05.15	01:24:31.743	158.377	158.378			6
2026.05.15	01:24:35.644	158.376	158.377			6
2026.05.15	01:24:37.143	158.377	158.378			6
2026.05.15	01:24:41.054	158.376	158.377			6
2026.05.15	01:25:00.300	158.376				2
2026.05.15	01:25:01.504	158.377	158.378			6
2026.05.15	01:25:02.105	158.378	158.379			6
2026.05.15	01:25:09.023	158.377	158.378			6
2026.05.15	01:25:24.656	158.379	158.380			6
2026.05.15	01:25:24.958	158.378	158.379			6
2026.05.15	01:25:26.159	158.379	158.380			6
2026.05.15	01:25:34.286	158.377	158.378			6
2026.05.15	01:25:51.742	158.378	158.379			6
2026.05.15	01:26:00.154	158.378				2
2026.05.15	01:26:00.449	158.377	158.378			6
2026.05.15	01:26:03.155	158.378	158.379			6
2026.05.15	01:26:03.755	158.377	158.378			6
2026.05.15	01:26:04.054	158.378	158.379			6
2026.05.15	01:26:04.657	158.377	158.378			6
2026.05.15	01:26:04.963	158.378	158.379			6
2026.05.15	01:26:05.863	158.377	158.378			6
2026.05.15	01:26:12.172	158.378	158.379			6
2026.05.15	01:26:29.315	158.377	158.378			6
2026.05.15	01:26:32.924	158.375	158.376			6
2026.05.15	01:26:34.127	158.376	158.377			6
2026.05.15	01:26:43.750	158.377	158.378			6
2026.05.15	01:27:00.286	158.377				2
2026.05.15	01:27:02.690	158.376	158.377			6
2026.05.15	01:27:02.983	158.378	158.379			6
2026.05.15	01:27:07.792	158.376	158.377			6
2026.05.15	01:27:08.091	158.375	158.376			6
2026.05.15	01:27:09.595	158.377	158.378			6
2026.05.15	01:27:25.845	158.372	158.373			6
2026.05.15	01:27:26.142	158.371	158.372			6
2026.05.15	01:27:26.742	158.370	158.371			6
2026.05.15	01:27:27.042	158.369	158.370			6
2026.05.15	01:27:27.349	158.370	158.371			6
2026.05.15	01:27:29.750	158.369	158.370			6
2026.05.15	01:27:30.053	158.370	158.371			6
2026.05.15	01:27:34.257	158.369	158.370			6
2026.05.15	01:27:38.762	158.370	158.371			6
2026.05.15	01:27:39.362	158.369	158.370			6
2026.05.15	01:27:39.665	158.368	158.369			6
2026.05.15	01:27:41.167	158.369	158.370			6
2026.05.15	01:27:42.670	158.368	158.369			6
2026.05.15	01:27:48.084	158.370	158.371			6
2026.05.15	01:27:48.387	158.369	158.370			6
2026.05.15	01:27:50.493	158.368	158.369			6
2026.05.15	01:28:00.135	158.369	158.370			6
2026.05.15	01:28:14.555	158.368	158.369			6
2026.05.15	01:28:20.879	158.369	158.370			6
2026.05.15	01:28:24.789	158.366	158.367			6
2026.05.15	01:28:25.688	158.367	158.368			6
2026.05.15	01:28:28.401	158.368	158.369			6
2026.05.15	01:28:37.732	158.367	158.368			6
2026.05.15	01:28:38.029	158.366	158.367			6
2026.05.15	01:28:39.840	158.367	158.368			6
2026.05.15	01:28:41.939	158.366	158.367			6
2026.05.15	01:28:44.947	158.367	158.368			6
2026.05.15	01:29:00.278	158.367				2
2026.05.15	01:29:05.091	158.368	158.369			6
2026.05.15	01:29:18.946	158.369	158.370			6
2026.05.15	01:29:27.352	158.367	158.368			6
2026.05.15	01:29:28.255	158.368	158.369			6
2026.05.15	01:29:33.666	158.367	158.368			6
2026.05.15	01:29:46.028	158.368	158.369			6
2026.05.15	01:29:47.834	158.367	158.368			6
2026.05.15	01:29:48.135	158.369	158.370			6
2026.05.15	01:29:48.439	158.368	158.369			6
2026.05.15	01:29:52.047	158.367	158.368			6
2026.05.15	01:29:59.261	158.369	158.370			6
2026.05.15	01:30:00.159	158.369				2
2026.05.15	01:30:01.370	158.372	158.373			6
2026.05.15	01:30:01.663	158.375	158.376			6
2026.05.15	01:30:02.872	158.376	158.377			6
2026.05.15	01:30:03.766	158.375	158.376			6
2026.05.15	01:30:04.367	158.374	158.375			6
2026.05.15	01:30:04.968	158.373	158.374			6
2026.05.15	01:30:16.389	158.372	158.373			6
2026.05.15	01:30:16.687	158.373	158.374			6
2026.05.15	01:30:16.987	158.378	158.379			6
2026.05.15	01:30:17.288	158.377	158.378			6
2026.05.15	01:30:17.593	158.379	158.380			6
2026.05.15	01:30:50.978	158.378	158.379			6
2026.05.15	01:30:51.579	158.379	158.380			6
2026.05.15	01:30:57.603	158.378	158.379			6
2026.05.15	01:30:58.507	158.379	158.380			6
2026.05.15	01:31:00.024	158.379				2
2026.05.15	01:31:03.326	158.380	158.381			6
2026.05.15	01:31:04.234	158.379	158.380			6
2026.05.15	01:31:09.043	158.377	158.378			6
2026.05.15	01:31:09.344	158.379	158.380			6
2026.05.15	01:31:18.961	158.380	158.381			6
2026.05.15	01:31:24.983	158.378	158.379			6
2026.05.15	01:31:30.082	158.379	158.380			6
2026.05.15	01:31:30.691	158.374	158.375			6
2026.05.15	01:31:30.981	158.373	158.374			6
2026.05.15	01:31:31.583	158.372	158.373			6
2026.05.15	01:31:33.687	158.374	158.375			6
2026.05.15	01:31:35.190	158.373	158.374			6
2026.05.15	01:31:36.689	158.374	158.375			6
2026.05.15	01:31:42.704	158.376	158.377			6
2026.05.15	01:31:43.001	158.377	158.378			6
2026.05.15	01:31:50.828	158.378	158.379			6
2026.05.15	01:31:51.131	158.376	158.377			6
2026.05.15	01:31:52.933	158.377	158.378			6
2026.05.15	01:32:00.153	158.377				2
2026.05.15	01:32:17.282	158.379	158.380			6
2026.05.15	01:32:24.188	158.378	158.379			6
2026.05.15	01:32:25.689	158.379	158.380			6
2026.05.15	01:32:28.692	158.378	158.379			6
2026.05.15	01:32:33.500	158.379	158.380			6
2026.05.15	01:32:39.527	158.378	158.379			6
2026.05.15	01:32:39.820	158.379	158.380			6
2026.05.15	01:32:43.125	158.377	158.378			6
2026.05.15	01:32:48.839	158.379	158.380			6
2026.05.15	01:32:49.439	158.380	158.381			6
2026.05.15	01:32:51.543	158.379	158.380			6
2026.05.15	01:32:51.843	158.380	158.381			6
2026.05.15	01:32:52.151	158.379	158.380			6
2026.05.15	01:32:52.449	158.380	158.381			6
2026.05.15	01:32:52.743	158.379	158.380			6
2026.05.15	01:32:53.044	158.380	158.381			6
2026.05.15	01:32:53.343	158.379	158.380			6
2026.05.15	01:32:53.644	158.380	158.381			6
2026.05.15	01:32:53.943	158.379	158.380			6
2026.05.15	01:32:54.243	158.380	158.381			6
2026.05.15	01:32:54.544	158.379	158.380			6
2026.05.15	01:32:55.145	158.380	158.381			6
2026.05.15	01:32:56.348	158.379	158.380			6
2026.05.15	01:33:00.264	158.379				2
2026.05.15	01:33:01.460	158.380	158.381			6
2026.05.15	01:33:03.261	158.379	158.380			6
2026.05.15	01:33:04.463	158.378	158.379			6
2026.05.15	01:33:04.763	158.380	158.381			6
2026.05.15	01:33:05.965	158.377	158.378			6
2026.05.15	01:33:08.067	158.378	158.379			6
2026.05.15	01:33:08.374	158.377	158.378			6
2026.05.15	01:33:15.581	158.375	158.376			6
2026.05.15	01:33:17.084	158.376	158.377			6
2026.05.15	01:33:17.392	158.377	158.378			6
2026.05.15	01:33:22.495	158.378	158.379			6
2026.05.15	01:33:30.919	158.380	158.381			6
2026.05.15	01:33:31.207	158.388	158.389			6
2026.05.15	01:33:31.506	158.390	158.391			6
2026.05.15	01:33:38.130	158.391	158.392			6
2026.05.15	01:33:51.958	158.392	158.393			6
2026.05.15	01:33:56.766	158.393	158.394			6
2026.05.15	01:34:00.081	158.393				2
2026.05.15	01:34:02.181	158.390	158.391			6
2026.05.15	01:34:06.683	158.392	158.393			6
2026.05.15	01:34:23.844	158.391	158.392			6
2026.05.15	01:34:39.471	158.392	158.393			6
2026.05.15	01:34:47.589	158.394	158.395			6
2026.05.15	01:34:53.607	158.392	158.393			6
2026.05.15	01:34:59.936	158.393	158.394			6
2026.05.15	01:35:00.242	158.393				2
2026.05.15	01:35:02.336	158.392	158.393			6
2026.05.15	01:35:03.242	158.393	158.394			6
2026.05.15	01:35:10.449	158.392	158.393			6
2026.05.15	01:35:17.056	158.393	158.394			6
2026.05.15	01:35:17.355	158.391	158.392			6
2026.05.15	01:35:24.269	158.383	158.384			6
2026.05.15	01:35:24.573	158.382	158.383			6
2026.05.15	01:35:24.873	158.381	158.382			6
2026.05.15	01:35:27.275	158.380	158.381			6
2026.05.15	01:35:46.516	158.379	158.380			6
2026.05.15	01:36:00.057	158.379				2
2026.05.15	01:36:03.653	158.380	158.381			6
2026.05.15	01:36:07.556	158.378	158.379			6
2026.05.15	01:36:07.855	158.380	158.381			6
2026.05.15	01:36:08.759	158.381	158.382			6
2026.05.15	01:36:35.249	158.379	158.380			6
2026.05.15	01:37:00.188	158.379				2
2026.05.15	01:37:07.405	158.382	158.383			6
2026.05.15	01:37:07.705	158.381	158.382			6
2026.05.15	01:37:14.023	158.382	158.383			6
2026.05.15	01:37:22.143	158.381	158.382			6
2026.05.15	01:37:26.060	158.382	158.383			6
2026.05.15	01:37:30.571	158.381	158.382			6
2026.05.15	01:37:30.874	158.380	158.381			6
2026.05.15	01:37:31.165	158.381	158.382			6
2026.05.15	01:37:39.281	158.380	158.381			6
2026.05.15	01:38:00.043	158.380				2
2026.05.15	01:38:10.565	158.377	158.378			6
2026.05.15	01:38:10.866	158.379	158.380			6
2026.05.15	01:38:19.583	158.378	158.379			6
2026.05.15	01:38:27.996	158.379	158.380			6
2026.05.15	01:38:28.298	158.380	158.381			6
2026.05.15	01:38:59.859	158.379	158.380			6
2026.05.15	01:39:00.163	158.379				2
2026.05.15	01:39:00.762	158.378	158.379			6
2026.05.15	01:39:02.564	158.380	158.381			6
2026.05.15	01:39:02.871	158.381	158.382			6
2026.05.15	01:39:24.499	158.380	158.381			6
2026.05.15	01:39:37.422	158.379	158.380			6
2026.05.15	01:39:43.436	158.380	158.381			6
2026.05.15	01:39:45.539	158.379	158.380			6
2026.05.15	01:39:51.543	158.380	158.381			6
2026.05.15	01:39:51.843	158.379	158.380			6
2026.05.15	01:39:52.444	158.380	158.381			6
2026.05.15	01:39:52.744	158.381	158.382			6
2026.05.15	01:39:53.043	158.380	158.381			6
2026.05.15	01:40:00.258	158.380				2
2026.05.15	01:40:01.460	158.381	158.382			6
2026.05.15	01:40:01.764	158.382	158.383			6
2026.05.15	01:40:03.265	158.381	158.382			6
2026.05.15	01:40:03.564	158.382	158.383			6
2026.05.15	01:40:03.866	158.380	158.381			6
2026.05.15	01:40:08.073	158.379	158.380			6
2026.05.15	01:40:36.931	158.380	158.381			6
2026.05.15	01:40:50.752	158.379	158.380			6
2026.05.15	01:40:51.054	158.380	158.381			6
2026.05.15	01:40:51.955	158.379	158.380			6
2026.05.15	01:40:53.462	158.377	158.378			6
2026.05.15	01:40:56.168	158.378	158.379			6
2026.05.15	01:41:00.074	158.378				2
2026.05.15	01:41:02.178	158.379	158.380			6
2026.05.15	01:41:04.583	158.381	158.382			6
2026.05.15	01:41:07.592	158.380	158.381			6
2026.05.15	01:41:14.198	158.379	158.380			6
2026.05.15	01:41:14.499	158.378	158.379			6
2026.05.15	01:41:21.431	158.377	158.378			6
2026.05.15	01:41:26.850	158.371	158.372			6
2026.05.15	01:41:27.143	158.369	158.370			6
2026.05.15	01:41:31.345	158.367	158.368			6
2026.05.15	01:41:31.649	158.366	158.367			6
2026.05.15	01:41:33.759	158.367	158.368			6
2026.05.15	01:41:36.758	158.374	158.375			6
2026.05.15	01:41:37.055	158.378	158.379			6
2026.05.15	01:41:41.868	158.379	158.380			6
2026.05.15	01:41:50.285	158.378	158.379			6
2026.05.15	01:41:50.583	158.379	158.380			6
2026.05.15	01:41:58.102	158.380	158.381			6
2026.05.15	01:42:00.217	158.380				2
2026.05.15	01:42:58.265		158.381			4
2026.05.15	01:43:00.071	158.380				2
2026.05.15	01:43:07.582	158.379	158.380			6
2026.05.15	01:43:09.387	158.380	158.381			6
2026.05.15	01:43:26.542	158.381	158.382			6
2026.05.15	01:43:27.139	158.380	158.381			6
2026.05.15	01:43:35.853	158.378	158.379			6
2026.05.15	01:43:36.153	158.379	158.380			6
2026.05.15	01:43:36.456	158.378	158.379			6
2026.05.15	01:43:37.961	158.379	158.380			6
2026.05.15	01:43:38.257	158.378	158.379			6
2026.05.15	01:43:41.564	158.376	158.377			6
2026.05.15	01:44:00.209	158.376				2
2026.05.15	01:44:03.534	158.377	158.378			6
2026.05.15	01:44:14.656	158.378	158.379			6
2026.05.15	01:44:21.264	158.377	158.378			6
2026.05.15	01:44:21.565	158.378	158.379			6
2026.05.15	01:44:37.199	158.379	158.380			6
2026.05.15	01:44:49.852	158.378	158.379			6
2026.05.15	01:44:51.653	158.380	158.381			6
2026.05.15	01:44:52.256	158.381	158.382			6
2026.05.15	01:44:57.372	158.380	158.381			6
2026.05.15	01:44:57.673	158.379	158.380			6
2026.05.15	01:45:00.078	158.378	158.379			6
2026.05.15	01:45:00.678	158.376	158.377			6
2026.05.15	01:45:05.491	158.377	158.378			6
2026.05.15	01:45:05.788	158.380	158.381			6
2026.05.15	01:45:15.300	158.375	158.376			6
2026.05.15	01:45:21.287	158.377	158.378			6
2026.05.15	01:46:00.099	158.377				2
2026.05.15	01:46:00.400	158.382	158.383			6
2026.05.15	01:46:00.701	158.384	158.385			6
2026.05.15	01:46:01.000	158.386	158.387			6
2026.05.15	01:46:03.412	158.383	158.384			6
2026.05.15	01:46:03.715	158.386	158.387			6
2026.05.15	01:46:04.314	158.385	158.386			6
2026.05.15	01:46:07.938	158.386	158.387			6
2026.05.15	01:46:11.243	158.385	158.386			6
2026.05.15	01:46:11.543	158.384	158.385			6
2026.05.15	01:46:12.444	158.385	158.386			6
2026.05.15	01:46:15.450	158.386	158.387			6
2026.05.15	01:46:17.253	158.385	158.386			6
2026.05.15	01:46:18.455	158.384	158.385			6
2026.05.15	01:46:24.476	158.383	158.384			6
2026.05.15	01:46:24.776	158.381	158.382			6
2026.05.15	01:46:28.381	158.380	158.381			6
2026.05.15	01:46:41.006	158.382	158.383			6
2026.05.15	01:46:41.608	158.380	158.381			6
2026.05.15	01:46:42.210	158.381	158.382			6
2026.05.15	01:46:42.512	158.380	158.381			6
2026.05.15	01:46:44.318	158.383	158.384			6
2026.05.15	01:46:45.821	158.380	158.381			6
2026.05.15	01:46:46.127	158.382	158.383			6
2026.05.15	01:46:49.742	158.381	158.382			6
2026.05.15	01:46:50.042	158.380	158.381			6
2026.05.15	01:46:52.749	158.382	158.383			6
2026.05.15	01:46:57.253	158.380	158.381			6
2026.05.15	01:47:00.254	158.380				2
2026.05.15	01:47:06.565	158.381	158.382			6
2026.05.15	01:47:08.974	158.380	158.381			6
2026.05.15	01:47:16.184	158.379	158.380			6
2026.05.15	01:47:40.573	158.381	158.382			6
2026.05.15	01:47:48.682	158.379	158.380			6
2026.05.15	01:47:48.985	158.380	158.381			6
2026.05.15	01:48:00.095	158.380				2
2026.05.15	01:48:10.921	158.382	158.383			6
2026.05.15	01:48:37.073	158.381	158.382			6
2026.05.15	01:48:43.385	158.380	158.381			6
2026.05.15	01:48:43.682	158.381	158.382			6
2026.05.15	01:48:54.818	158.380	158.381			6
2026.05.15	01:49:00.246	158.380				2
2026.05.15	01:49:09.867	158.378	158.379			6
2026.05.15	01:49:22.492	158.379	158.380			6
2026.05.15	01:50:00.096	158.379				2
2026.05.15	01:50:04.010	158.377	158.378			6
2026.05.15	01:50:04.310	158.378	158.379			6
2026.05.15	01:50:04.610	158.379	158.380			6
2026.05.15	01:50:10.636	158.381	158.382			6
2026.05.15	01:50:10.939	158.380	158.381			6
2026.05.15	01:50:31.379	158.385	158.386			6
2026.05.15	01:50:31.679	158.382	158.383			6
2026.05.15	01:50:31.979	158.380	158.381			6
2026.05.15	01:50:43.122	158.381	158.382			6
2026.05.15	01:50:43.422	158.380	158.381			6
2026.05.15	01:50:46.733	158.385	158.386			6
2026.05.15	01:50:47.041	158.386	158.387			6
2026.05.15	01:50:47.641	158.385	158.386			6
2026.05.15	01:50:52.752	158.383	158.384			6
2026.05.15	01:50:53.048	158.381	158.382			6
2026.05.15	01:51:00.278	158.380	158.381			6
2026.05.15	01:51:06.881	158.381	158.382			6
2026.05.15	01:51:07.185	158.382	158.383			6
2026.05.15	01:51:17.102	158.380	158.381			6
2026.05.15	01:52:00.099	158.380				2
2026.05.15	01:52:17.254		158.381			4
2026.05.15	01:52:24.770	158.379	158.380			6
2026.05.15	01:52:40.423	158.380	158.381			6
2026.05.15	01:52:41.923	158.378	158.379			6
2026.05.15	01:52:50.651	158.379	158.380			6
2026.05.15	01:52:50.953	158.377	158.378			6
2026.05.15	01:52:57.261	158.379	158.380			6
2026.05.15	01:53:00.266	158.379				2
2026.05.15	01:53:11.690	158.378	158.379			6
2026.05.15	01:53:13.488	158.377	158.378			6
2026.05.15	01:53:13.789	158.370	158.371			6
2026.05.15	01:53:14.089	158.372	158.373			6
2026.05.15	01:53:16.794	158.371	158.372			6
2026.05.15	01:53:17.097	158.370	158.371			6
2026.05.15	01:53:24.318	158.371	158.372			6
2026.05.15	01:53:28.537	158.370	158.371			6
2026.05.15	01:53:36.063	158.371	158.372			6
2026.05.15	01:53:42.378	158.375	158.376			6
2026.05.15	01:53:42.680	158.378	158.379			6
2026.05.15	01:53:53.798	158.377	158.378			6
2026.05.15	01:54:00.136	158.377				2
2026.05.15	01:54:01.026	158.376	158.377			6
2026.05.15	01:54:01.632	158.377	158.378			6
2026.05.15	01:54:04.343	158.376	158.377			6
2026.05.15	01:54:04.638	158.372	158.373			6
2026.05.15	01:54:05.540	158.373	158.374			6
2026.05.15	01:54:12.154	158.372	158.373			6
2026.05.15	01:54:13.656	158.373	158.374			6
2026.05.15	01:54:13.957	158.375	158.376			6
2026.05.15	01:54:14.557	158.374	158.375			6
2026.05.15	01:54:15.460	158.375	158.376			6
2026.05.15	01:54:19.664	158.372	158.373			6
2026.05.15	01:54:19.965	158.371	158.372			6
2026.05.15	01:54:20.265	158.372	158.373			6
2026.05.15	01:54:28.090	158.373	158.374			6
2026.05.15	01:54:28.379	158.372	158.373			6
2026.05.15	01:54:28.683	158.370	158.371			6
2026.05.15	01:54:28.987	158.372	158.373			6
2026.05.15	01:54:44.032	158.373	158.374			6
2026.05.15	01:54:53.947	158.370	158.371			6
2026.05.15	01:54:54.247	158.368	158.369			6
2026.05.15	01:54:54.550	158.371	158.372			6
2026.05.15	01:55:00.263	158.370	158.371			6
2026.05.15	01:55:00.558	158.371	158.372			6
2026.05.15	01:55:00.860	158.370	158.371			6
2026.05.15	01:55:03.265	158.371	158.372			6
2026.05.15	01:55:06.574	158.373	158.374			6
2026.05.15	01:55:06.879	158.376	158.377			6
2026.05.15	01:55:07.178	158.377	158.378			6
2026.05.15	01:55:07.477	158.379	158.380			6
2026.05.15	01:55:07.777	158.380	158.381			6
2026.05.15	01:55:08.377	158.378	158.380			6
2026.05.15	01:55:25.841	158.380	158.382			6
2026.05.15	01:55:26.143	158.379	158.381			6
2026.05.15	01:55:38.166	158.380				2
2026.05.15	01:56:00.153	158.380				2
2026.05.15	01:56:05.268	158.381	158.382			6
2026.05.15	01:56:35.659	158.379	158.380			6
2026.05.15	01:56:35.963	158.376	158.377			6
2026.05.15	01:56:36.258	158.372	158.373			6
2026.05.15	01:56:36.561	158.370	158.371			6
2026.05.15	01:56:37.159		158.372			4
2026.05.15	01:56:42.581	158.369	158.371			6
2026.05.15	01:56:45.880	158.368	158.370			6
2026.05.15	01:56:49.489	158.366	158.368			6
2026.05.15	01:56:52.491	158.367	158.369			6
2026.05.15	01:57:00.021	158.367				2
2026.05.15	01:57:09.352	158.368				2
2026.05.15	01:57:52.339	158.366	158.367			6
2026.05.15	01:58:00.147	158.366				2
2026.05.15	01:58:01.351	158.367	158.368			6
2026.05.15	01:58:01.651	158.366	158.367			6
2026.05.15	01:58:11.573	158.367	158.368			6
2026.05.15	01:58:14.877	158.369	158.370			6
2026.05.15	01:58:16.080	158.370	158.371			6
2026.05.15	01:58:20.595	158.368	158.369			6
2026.05.15	01:58:21.194	158.366	158.367			6
2026.05.15	01:58:21.799	158.368	158.369			6
2026.05.15	01:58:28.416	158.367	158.368			6
2026.05.15	01:58:30.519	158.368	158.369			6
2026.05.15	01:58:48.259	158.369	158.370			6
2026.05.15	01:58:54.868	158.368	158.369			6
2026.05.15	01:58:58.480	158.367	158.368			6
2026.05.15	01:59:00.288	158.368	158.369			6
2026.05.15	01:59:00.580	158.372	158.373			6
2026.05.15	01:59:03.284	158.373	158.374			6
2026.05.15	01:59:11.706	158.374	158.375			6
2026.05.15	01:59:15.333	158.371	158.372			6
2026.05.15	01:59:18.039	158.376	158.377			6
2026.05.15	01:59:18.336	158.380	158.381			6
2026.05.15	01:59:19.242	158.379				2
2026.05.15	01:59:23.143	158.380				2
2026.05.15	01:59:23.446	158.379	158.380			6
2026.05.15	01:59:23.748	158.378	158.379			6
2026.05.15	01:59:43.591	158.380	158.381			6
2026.05.15	01:59:48.409	158.379	158.380			6
2026.05.15	01:59:52.025	158.378	158.379			6
2026.05.15	01:59:54.136	158.380	158.381			6
2026.05.15	01:59:55.636	158.379	158.380			6
2026.05.15	01:59:55.938	158.378	158.379			6
2026.05.15	02:00:00.154	158.378				2
2026.05.15	02:00:00.447	158.379	158.380			6
2026.05.15	02:00:03.155	158.378	158.379			6
2026.05.15	02:00:03.452	158.379	158.380			6
2026.05.15	02:00:04.053	158.380	158.381			6
2026.05.15	02:00:07.657	158.375	158.376			6
2026.05.15	02:00:15.174	158.368	158.369			6
2026.05.15	02:00:15.473	158.367	158.368			6
2026.05.15	02:00:16.075	158.368	158.369			6
2026.05.15	02:00:16.377	158.367	158.370			6
2026.05.15	02:00:19.386	158.368	158.371			6
2026.05.15	02:00:24.788	158.378	158.381			6
2026.05.15	02:00:25.086	158.379	158.382			6
2026.05.15	02:00:26.289	158.377				2
2026.05.15	02:00:30.797	158.378	158.383			6
2026.05.15	02:00:31.100		158.382			4
2026.05.15	02:00:33.504		158.383			4
2026.05.15	02:00:33.804	158.379				2
2026.05.15	02:00:48.842		158.382			4
2026.05.15	02:00:50.645	158.377	158.381			6
2026.05.15	02:00:50.951	158.376	158.380			6
2026.05.15	02:00:52.150		158.381			4
2026.05.15	02:00:55.094		158.380			4
2026.05.15	02:00:56.001	158.377	158.381			6
2026.05.15	02:00:59.613		158.380			4
2026.05.15	02:01:00.215	158.377				2
2026.05.15	02:01:02.320		158.381			4
2026.05.15	02:01:02.620	158.376	158.380			6
2026.05.15	02:01:04.430	158.377	158.381			6
2026.05.15	02:01:05.632	158.378				2
2026.05.15	02:01:08.037	158.377				2
2026.05.15	02:01:16.150	158.378				2
2026.05.15	02:01:16.450	158.377	158.379			6
2026.05.15	02:01:17.051	158.378	158.381			6
2026.05.15	02:01:17.953	158.377	158.379			6
2026.05.15	02:01:18.554		158.381			4
2026.05.15	02:01:27.273	158.376	158.380			6
2026.05.15	02:01:29.379	158.377				2
2026.05.15	02:01:32.985	158.378	158.381			6
2026.05.15	02:01:45.321	158.379	158.382			6
2026.05.15	02:01:48.634	158.378	158.381			6
2026.05.15	02:01:58.250	158.379				2
2026.05.15	02:02:00.051	158.379				2
2026.05.15	02:02:06.662		158.380			4
2026.05.15	02:02:07.564		158.381			4
2026.05.15	02:02:08.468		158.380			4
2026.05.15	02:02:08.767		158.381			4
2026.05.15	02:02:14.480	158.380	158.382			6
2026.05.15	02:02:17.787	158.379	158.381			6
2026.05.15	02:02:23.196	158.378	158.380			6
2026.05.15	02:02:25.298	158.379				2
2026.05.15	02:02:29.211	158.380	158.381			6
2026.05.15	02:02:30.714	158.379	158.380			6
2026.05.15	02:02:34.620	158.380	158.381			6
2026.05.15	02:02:37.930	158.379	158.380			6
2026.05.15	02:02:38.534	158.380	158.381			6
2026.05.15	02:02:51.776	158.381	158.382			6
2026.05.15	02:02:53.880	158.380	158.381			6
2026.05.15	02:03:00.187	158.380				2
2026.05.15	02:03:00.487	158.379	158.380			6
2026.05.15	02:03:04.400	158.380	158.381			6
2026.05.15	02:03:16.424	158.379	158.380			6
2026.05.15	02:03:30.556	158.380	158.381			6
2026.05.15	02:03:43.788	158.379	158.380			6
2026.05.15	02:03:44.087	158.380	158.381			6
2026.05.15	02:03:48.307	158.381	158.382			6
2026.05.15	02:03:50.414	158.380	158.381			6
2026.05.15	02:03:51.016	158.379	158.380			6
2026.05.15	02:03:54.629	158.380	158.381			6
2026.05.15	02:04:00.041	158.380				2
2026.05.15	02:04:02.745	158.379	158.380			6
2026.05.15	02:04:03.047	158.380	158.381			6
2026.05.15	02:04:04.551	158.381	158.382			6
2026.05.15	02:04:17.779	158.380	158.381			6
2026.05.15	02:04:21.385	158.379	158.380			6
2026.05.15	02:04:22.285	158.380	158.381			6
2026.05.15	02:04:22.586	158.379	158.380			6
2026.05.15	02:04:23.487	158.380	158.381			6
2026.05.15	02:04:39.139	158.381	158.382			6
2026.05.15	02:04:40.340	158.382	158.383			6
2026.05.15	02:04:44.242	158.380	158.381			6
2026.05.15	02:04:47.543	158.381	158.382			6
2026.05.15	02:04:53.852	158.382	158.383			6
2026.05.15	02:04:55.353	158.380	158.381			6
2026.05.15	02:04:57.457	158.381	158.382			6
2026.05.15	02:04:59.564	158.382	158.383			6
2026.05.15	02:05:00.165	158.382				2
2026.05.15	02:05:02.871	158.383	158.384			6
2026.05.15	02:05:04.073	158.381	158.382			6
2026.05.15	02:05:08.280	158.382	158.383			6
2026.05.15	02:05:10.984	158.381	158.382			6
2026.05.15	02:05:28.446	158.382	158.383			6
2026.05.15	02:06:00.294	158.382				2
2026.05.15	02:06:03.310	158.381	158.382			6
2026.05.15	02:06:03.606	158.382	158.383			6
2026.05.15	02:06:11.430	158.386	158.387			6
2026.05.15	02:06:11.730	158.388	158.389			6
2026.05.15	02:06:12.031	158.387	158.388			6
2026.05.15	02:06:14.743	158.388	158.389			6
2026.05.15	02:06:15.945	158.389	158.390			6
2026.05.15	02:06:16.848	158.387	158.388			6
2026.05.15	02:06:39.399	158.388	158.389			6
2026.05.15	02:06:42.701	158.387	158.388			6
2026.05.15	02:06:43.004	158.386	158.387			6
2026.05.15	02:07:00.145	158.386				2
2026.05.15	02:07:04.658	158.383	158.384			6
2026.05.15	02:07:04.952	158.380	158.381			6
2026.05.15	02:07:05.251	158.381	158.382			6
2026.05.15	02:07:05.551	158.383	158.384			6
2026.05.15	02:07:07.959	158.382	158.383			6
2026.05.15	02:07:11.872	158.381	158.382			6
2026.05.15	02:07:28.095	158.380	158.381			6
2026.05.15	02:07:28.395	158.379	158.380			6
2026.05.15	02:07:42.544	158.380	158.381			6
2026.05.15	02:07:43.138	158.379	158.380			6
2026.05.15	02:07:45.255	158.380	158.381			6
2026.05.15	02:07:58.789	158.379	158.380			6
2026.05.15	02:08:00.303	158.379				2
2026.05.15	02:08:03.597	158.380	158.381			6
2026.05.15	02:08:04.202	158.379	158.380			6
2026.05.15	02:08:10.517	158.380	158.381			6
2026.05.15	02:08:12.022	158.381	158.382			6
2026.05.15	02:08:15.938	158.382	158.383			6
2026.05.15	02:08:17.140	158.381	158.382			6
2026.05.15	02:08:17.440	158.383	158.384			6
2026.05.15	02:08:19.846	158.382	158.383			6
2026.05.15	02:08:24.051	158.383	158.384			6
2026.05.15	02:08:24.353	158.384	158.385			6
2026.05.15	02:08:24.655	158.382	158.383			6
2026.05.15	02:08:27.359	158.386	158.387			6
2026.05.15	02:08:27.660	158.388	158.389			6
2026.05.15	02:08:28.262	158.387	158.388			6
2026.05.15	02:08:28.561	158.388	158.389			6
2026.05.15	02:08:32.775	158.387	158.388			6
2026.05.15	02:08:33.076	158.388	158.389			6
2026.05.15	02:08:39.382	158.386	158.387			6
2026.05.15	02:08:42.691	158.389	158.390			6
2026.05.15	02:08:42.990	158.388	158.389			6
2026.05.15	02:09:00.140	158.388				2
2026.05.15	02:09:02.249	158.390	158.391			6
2026.05.15	02:09:03.448	158.391	158.392			6
2026.05.15	02:09:04.346	158.393	158.394			6
2026.05.15	02:09:06.752	158.392	158.393			6
2026.05.15	02:09:10.054	158.394	158.395			6
2026.05.15	02:09:15.465	158.393	158.394			6
2026.05.15	02:09:15.766	158.394	158.395			6
2026.05.15	02:09:20.273	158.392	158.393			6
2026.05.15	02:09:40.447	158.391	158.392			6
2026.05.15	02:09:54.577	158.393	158.394			6
2026.05.15	02:09:55.783	158.394	158.395			6
2026.05.15	02:10:00.284	158.394				2
2026.05.15	02:10:04.491	158.395	158.396			6
2026.05.15	02:10:04.789	158.399	158.400			6
2026.05.15	02:10:09.596	158.404	158.405			6
2026.05.15	02:10:09.897	158.407	158.408			6
2026.05.15	02:10:12.307	158.406	158.407			6
2026.05.15	02:10:12.602	158.407	158.408			6
2026.05.15	02:10:13.803	158.406	158.407			6
2026.05.15	02:10:14.105	158.405	158.406			6
2026.05.15	02:10:14.408	158.406	158.407			6
2026.05.15	02:10:15.611	158.407	158.408			6
2026.05.15	02:10:22.223	158.406	158.407			6
2026.05.15	02:10:25.829	158.407	158.408			6
2026.05.15	02:10:26.127	158.405	158.406			6
2026.05.15	02:10:26.731	158.406	158.407			6
2026.05.15	02:10:27.029	158.407	158.408			6
2026.05.15	02:10:27.931	158.406	158.407			6
2026.05.15	02:10:30.638	158.405	158.406			6
2026.05.15	02:10:38.459	158.406	158.407			6
2026.05.15	02:10:42.360	158.405	158.406			6
2026.05.15	02:10:45.967	158.406	158.407			6
2026.05.15	02:10:47.170	158.405	158.406			6
2026.05.15	02:10:48.072	158.404	158.405			6
2026.05.15	02:10:48.671	158.405	158.406			6
2026.05.15	02:10:51.079	158.404	158.405			6
2026.05.15	02:10:52.881	158.405	158.406			6
2026.05.15	02:10:55.882	158.406	158.407			6
2026.05.15	02:10:56.483	158.412	158.413			6
2026.05.15	02:10:56.782	158.414	158.415			6
2026.05.15	02:10:57.083	158.413	158.414			6
2026.05.15	02:10:57.382	158.412				2
2026.05.15	02:10:59.793	158.415	158.416			6
2026.05.15	02:11:00.086	158.415				2
2026.05.15	02:11:00.393	158.414	158.415			6
2026.05.15	02:11:13.623	158.412	158.413			6
2026.05.15	02:11:17.839		158.414			4
2026.05.15	02:11:18.141	158.413				2
2026.05.15	02:11:18.442	158.414	158.415			6
2026.05.15	02:11:21.742	158.415	158.416			6
2026.05.15	02:11:23.244	158.414	158.415			6
2026.05.15	02:11:28.357	158.415	158.416			6
2026.05.15	02:11:28.958	158.416	158.417			6
2026.05.15	02:11:32.863	158.417	158.418			6
2026.05.15	02:11:34.064	158.427	158.429			6
2026.05.15	02:11:34.364	158.428				2
2026.05.15	02:11:34.670	158.429	158.431			6
2026.05.15	02:11:34.972	158.430	158.432			6
2026.05.15	02:11:35.271	158.428	158.433			6
2026.05.15	02:11:38.581		158.432			4
2026.05.15	02:11:42.180	158.427				2
2026.05.15	02:11:48.452	158.428				2
2026.05.15	02:11:49.653	158.431	158.436			6
2026.05.15	02:11:50.254	158.430	158.433			6
2026.05.15	02:11:50.554	158.431	158.436			6
2026.05.15	02:11:50.856		158.434			4
2026.05.15	02:11:51.758	158.430	158.433			6
2026.05.15	02:11:53.861	158.429				2
2026.05.15	02:11:55.664	158.428	158.432			6
2026.05.15	02:11:56.568	158.429	158.433			6
2026.05.15	02:12:00.176	158.429				2
2026.05.15	02:12:02.580	158.430				2
2026.05.15	02:12:03.481	158.429				2
2026.05.15	02:12:11.901	158.428				2
2026.05.15	02:12:14.005	158.427	158.432			6
2026.05.15	02:12:14.305		158.431			4
2026.05.15	02:12:15.206		158.433			4
2026.05.15	02:12:15.508		158.432			4
2026.05.15	02:12:19.418		158.431			4
2026.05.15	02:12:22.126	158.428				2
2026.05.15	02:12:26.037		158.432			4
2026.05.15	02:12:32.957	158.427	158.431			6
2026.05.15	02:12:34.760	158.426	158.430			6
2026.05.15	02:12:36.864	158.427	158.431			6
2026.05.15	02:12:40.171		158.430			4
2026.05.15	02:12:40.471	158.430	158.435			6
2026.05.15	02:12:40.773	158.431				2
2026.05.15	02:12:41.075		158.434			4
2026.05.15	02:12:41.375	158.430	158.435			6
2026.05.15	02:12:42.578	158.432	158.436			6
2026.05.15	02:12:42.877	158.431				2
2026.05.15	02:12:43.479		158.435			4
2026.05.15	02:12:43.779	158.430	158.433			6
2026.05.15	02:12:44.079		158.435			4
2026.05.15	02:12:44.379	158.429	158.434			6
2026.05.15	02:12:45.280	158.427	158.431			6
2026.05.15	02:12:45.581	158.426				2
2026.05.15	02:12:56.420	158.427				2
2026.05.15	02:12:57.323		158.429			4
2026.05.15	02:12:57.621	158.426	158.431			6
2026.05.15	02:12:57.924	158.427				2
2026.05.15	02:12:59.127	158.428				2
2026.05.15	02:13:00.032	158.428				2
2026.05.15	02:13:00.633	158.427	158.429			6
2026.05.15	02:13:00.932		158.431			4
2026.05.15	02:13:01.837		158.429			4
2026.05.15	02:13:03.643	158.426				2
2026.05.15	02:13:08.446	158.427				2
2026.05.15	02:13:10.847		158.431			4
2026.05.15	02:13:14.454		158.429			4
2026.05.15	02:13:14.754		158.431			4
2026.05.15	02:13:15.054		158.429			4
2026.05.15	02:13:15.354		158.431			4
2026.05.15	02:13:18.961		158.430			4
2026.05.15	02:13:21.663		158.429			4
2026.05.15	02:13:21.964	158.426	158.430			6
2026.05.15	02:13:22.565		158.429			4
2026.05.15	02:13:22.866		158.430			4
2026.05.15	02:13:23.166	158.427	158.431			6
2026.05.15	02:13:29.777		158.430			4
2026.05.15	02:13:36.692		158.431			4
2026.05.15	02:13:36.993	158.426	158.430			6
2026.05.15	02:13:38.502	158.427	158.431			6
2026.05.15	02:13:40.612		158.429			4
2026.05.15	02:13:41.213		158.431			4
2026.05.15	02:13:41.816		158.430			4
2026.05.15	02:13:44.827		158.429			4
2026.05.15	02:13:45.731	158.426				2
2026.05.15	02:13:48.439	158.427				2
2026.05.15	02:14:00.159	158.427				2
2026.05.15	02:14:01.661		158.430			4
2026.05.15	02:14:03.463		158.429			4
2026.05.15	02:14:03.763	158.426				2
2026.05.15	02:14:04.063	158.427				2
2026.05.15	02:14:07.968	158.426				2
2026.05.15	02:14:10.677	158.425	158.428			6
2026.05.15	02:14:10.976	158.427	158.429			6
2026.05.15	02:14:14.283	158.426				2
2026.05.15	02:14:18.190	158.427				2
2026.05.15	02:14:20.293	158.428	158.430			6
2026.05.15	02:14:24.200		158.429			4
2026.05.15	02:14:33.836	158.427				2
2026.05.15	02:14:34.136	158.428				2
2026.05.15	02:14:34.737	158.427				2
2026.05.15	02:14:35.938	158.428	158.430			6
2026.05.15	02:14:40.151	158.429				2
2026.05.15	02:14:45.559	158.428	158.429			6
2026.05.15	02:14:51.277	158.429	158.430			6
2026.05.15	02:14:58.785	158.428	158.429			6
2026.05.15	02:14:59.084	158.427	158.428			6
2026.05.15	02:15:00.286	158.427				2
2026.05.15	02:15:02.387	158.428	158.429			6
2026.05.15	02:15:10.516	158.429	158.430			6
2026.05.15	02:15:17.127	158.430	158.431			6
2026.05.15	02:15:24.948	158.429	158.430			6
2026.05.15	02:15:30.358	158.430	158.431			6
2026.05.15	02:15:30.657	158.429	158.430			6
2026.05.15	02:15:34.562	158.428	158.429			6
2026.05.15	02:15:35.163	158.429	158.430			6
2026.05.15	02:15:36.062	158.430	158.431			6
2026.05.15	02:15:38.472	158.429	158.430			6
2026.05.15	02:15:38.773	158.430	158.431			6
2026.05.15	02:15:42.377	158.429	158.430			6
2026.05.15	02:15:42.676	158.430	158.431			6
2026.05.15	02:15:42.976	158.429	158.430			6
2026.05.15	02:15:45.981	158.436	158.437			6
2026.05.15	02:15:46.282	158.438	158.439			6
2026.05.15	02:15:47.182	158.436				2
2026.05.15	02:15:48.384		158.440			4
2026.05.15	02:15:49.287	158.437				2
2026.05.15	02:16:00.114	158.437				2
2026.05.15	02:16:01.018	158.435	158.438			6
2026.05.15	02:16:05.237	158.436				2
2026.05.15	02:16:09.147	158.435	158.436			6
2026.05.15	02:16:09.450	158.432	158.434			6
2026.05.15	02:16:10.350	158.427	158.431			6
2026.05.15	02:16:10.951	158.426	158.430			6
2026.05.15	02:16:13.054	158.427	158.431			6
2026.05.15	02:16:13.353	158.433	158.437			6
2026.05.15	02:16:14.254	158.432				2
2026.05.15	02:16:14.554		158.436			4
2026.05.15	02:16:14.854	158.431				2
2026.05.15	02:16:15.454		158.437			4
2026.05.15	02:16:15.755	158.432				2
2026.05.15	02:16:17.257	158.433				2
2026.05.15	02:16:18.457	158.431	158.436			6
2026.05.15	02:16:18.757	158.432	158.437			6
2026.05.15	02:16:19.057	158.433	158.438			6
2026.05.15	02:16:19.659		158.437			4
2026.05.15	02:16:19.960		158.438			4
2026.05.15	02:16:20.258	158.432	158.437			6
2026.05.15	02:16:21.762	158.431				2
2026.05.15	02:16:22.364	158.432				2
2026.05.15	02:16:24.165		158.436			4
2026.05.15	02:16:24.466	158.431				2
2026.05.15	02:16:24.766	158.432				2
2026.05.15	02:16:27.472		158.437			4
2026.05.15	02:16:27.772	158.433				2
2026.05.15	02:16:28.072	158.431	158.436			6
2026.05.15	02:16:28.372	158.436	158.440			6
2026.05.15	02:16:28.672	158.437	158.441			6
2026.05.15	02:16:28.975	158.432	158.437			6
2026.05.15	02:16:29.275	158.431				2
2026.05.15	02:16:33.212	158.430	158.436			6
2026.05.15	02:16:35.603	158.431				2
2026.05.15	02:16:40.371	158.433				2
2026.05.15	02:16:40.670	158.432				2
2026.05.15	02:16:40.971		158.437			4
2026.05.15	02:16:41.271	158.436	158.442			6
2026.05.15	02:16:41.571	158.437				2
2026.05.15	02:16:46.141	158.436				2
2026.05.15	02:16:46.742	158.437				2
2026.05.15	02:16:47.716	158.436				2
2026.05.15	02:16:49.132		158.441			4
2026.05.15	02:16:49.432	158.437				2
2026.05.15	02:16:51.526	158.434	158.435			6
2026.05.15	02:16:51.827	158.431	158.434			6
2026.05.15	02:16:55.436		158.435			4
2026.05.15	02:16:57.238	158.430	158.434			6
2026.05.15	02:17:00.062	158.430				2
2026.05.15	02:17:02.266	158.429				2
2026.05.15	02:17:03.896	158.430				2
2026.05.15	02:17:09.613	158.431	158.435			6
2026.05.15	02:17:10.213	158.428	158.431			6
2026.05.15	02:17:10.517	158.426				2
2026.05.15	02:17:15.991	158.427				2
2026.05.15	02:17:19.314		158.432			4
2026.05.15	02:17:20.215	158.428				2
2026.05.15	02:17:22.926	158.427				2
2026.05.15	02:17:25.580	158.428	158.434			6
2026.05.15	02:17:25.881	158.430				2
2026.05.15	02:17:26.181		158.433			4
2026.05.15	02:17:26.481	158.429				2
2026.05.15	02:17:27.082	158.428				2
2026.05.15	02:17:29.788		158.434			4
2026.05.15	02:17:30.390	158.429				2
2026.05.15	02:17:34.601	158.428	158.433			6
2026.05.15	02:17:36.412	158.427				2
2026.05.15	02:17:37.010	158.428				2
2026.05.15	02:17:40.019	158.426	158.432			6
2026.05.15	02:17:40.320	158.427				2
2026.05.15	02:17:43.332	158.426				2
2026.05.15	02:17:50.249		158.431			4
2026.05.15	02:17:51.151		158.432			4
2026.05.15	02:17:58.061		158.431			4
2026.05.15	02:18:00.170	158.426				2
2026.05.15	02:18:02.270	158.427				2
2026.05.15	02:18:04.374	158.428				2
2026.05.15	02:18:05.275	158.427				2
2026.05.15	02:18:05.576	158.428				2
2026.05.15	02:18:05.876	158.427				2
2026.05.15	02:18:13.693	158.428				2
2026.05.15	02:18:18.214	158.427				2
2026.05.15	02:18:25.137	158.426	158.430			6
2026.05.15	02:18:26.641	158.427	158.431			6
2026.05.15	02:18:27.541	158.426	158.430			6
2026.05.15	02:18:28.142	158.425	158.429			6
2026.05.15	02:18:28.442	158.426	158.430			6
2026.05.15	02:18:31.144	158.425	158.429			6
2026.05.15	02:18:31.750	158.426				2
2026.05.15	02:18:42.566	158.416	158.419			6
2026.05.15	02:18:43.167	158.413	158.418			6
2026.05.15	02:18:45.871	158.411	158.417			6
2026.05.15	02:18:46.172	158.413				2
2026.05.15	02:18:46.473	158.414	158.418			6
2026.05.15	02:18:49.780	158.413				2
2026.05.15	02:18:53.083	158.412				2
2026.05.15	02:18:53.684	158.413				2
2026.05.15	02:18:55.786	158.412				2
2026.05.15	02:18:56.085	158.413				2
2026.05.15	02:18:59.992	158.414				2
2026.05.15	02:19:00.296	158.414				2
2026.05.15	02:19:01.196	158.413				2
2026.05.15	02:19:02.406	158.412				2
2026.05.15	02:19:03.310	158.413	158.417			6
2026.05.15	02:19:04.519		158.418			4
2026.05.15	02:19:06.323	158.414				2
2026.05.15	02:19:07.832	158.413				2
2026.05.15	02:19:08.132	158.412				2
2026.05.15	02:19:13.845	158.413				2
2026.05.15	02:19:14.143	158.414				2
2026.05.15	02:19:14.443	158.415				2
2026.05.15	02:19:15.044	158.414				2
2026.05.15	02:19:15.345	158.415	158.420			6
2026.05.15	02:19:18.351	158.414	158.418			6
2026.05.15	02:19:18.651	158.415	158.420			6
2026.05.15	02:19:21.959		158.421			4
2026.05.15	02:19:22.259	158.416				2
2026.05.15	02:19:26.470	158.417				2
2026.05.15	02:19:35.187	158.418	158.422			6
2026.05.15	02:19:35.486	158.419				2
2026.05.15	02:19:36.388	158.418				2
2026.05.15	02:19:38.188	158.416	158.421			6
2026.05.15	02:19:39.089	158.417	158.422			6
2026.05.15	02:19:42.097	158.416	158.421			6
2026.05.15	02:19:44.512	158.425	158.429			6
2026.05.15	02:19:45.107	158.424				2
2026.05.15	02:19:46.315	158.425				2
2026.05.15	02:19:46.915	158.424				2
2026.05.15	02:19:49.120		158.428			4
2026.05.15	02:19:52.936		158.429			4
2026.05.15	02:19:53.540	158.425				2
2026.05.15	02:19:53.841	158.424				2
2026.05.15	02:19:54.220	158.425				2
2026.05.15	02:19:55.424		158.430			4
2026.05.15	02:19:55.724	158.427	158.433			6
2026.05.15	02:19:56.026	158.426				2
2026.05.15	02:20:00.057	158.426				2
2026.05.15	02:20:02.167	158.427				2
2026.05.15	02:20:03.971	158.428				2
2026.05.15	02:20:04.572	158.429				2
2026.05.15	02:20:06.076	158.428				2
2026.05.15	02:20:11.483		158.434			4
2026.05.15	02:20:11.783	158.429	158.433			6
2026.05.15	02:20:12.084		158.435			4
2026.05.15	02:20:12.384		158.434			4
2026.05.15	02:20:12.985		158.433			4
2026.05.15	02:20:13.285	158.428				2
2026.05.15	02:20:13.585	158.429	158.435			6
2026.05.15	02:20:15.988	158.430				2
2026.05.15	02:20:23.519	158.429	158.434			6
2026.05.15	02:20:23.818		158.433			4
2026.05.15	02:20:37.954		158.434			4
2026.05.15	02:20:40.363	158.430				2
2026.05.15	02:20:43.968		158.432			4
2026.05.15	02:20:44.270		158.433			4
2026.05.15	02:20:45.171		158.434			4
2026.05.15	02:20:45.472		158.433			4
2026.05.15	02:20:45.775		158.434			4
2026.05.15	02:20:46.076		158.433			4
2026.05.15	02:20:46.375		158.434			4
2026.05.15	02:20:46.675		158.433			4
2026.05.15	02:20:46.976		158.434			4
2026.05.15	02:20:47.276		158.433			4
2026.05.15	02:20:51.781		158.434			4
2026.05.15	02:20:54.487		158.432			4
2026.05.15	02:20:55.087		158.433			4
2026.05.15	02:20:55.388		158.432			4
2026.05.15	02:20:55.689	158.431	158.433			6
2026.05.15	02:20:55.990		158.432			4
2026.05.15	02:20:56.590		158.433			4
2026.05.15	02:21:00.200	158.431				2
2026.05.15	02:21:00.501		158.435			4
2026.05.15	02:21:02.308	158.432				2
2026.05.15	02:21:03.511	158.431				2
2026.05.15	02:21:04.111	158.432				2
2026.05.15	02:21:05.916	158.431	158.433			6
2026.05.15	02:21:06.517	158.430				2
2026.05.15	02:21:17.044		158.434			4
2026.05.15	02:21:22.150		158.433			4
2026.05.15	02:21:22.452		158.432			4
2026.05.15	02:21:30.867	158.429				2
2026.05.15	02:21:31.166	158.430	158.433			6
2026.05.15	02:21:32.671	158.429	158.432			6
2026.05.15	02:21:35.379	158.430	158.433			6
2026.05.15	02:21:40.186		158.432			4
2026.05.15	02:21:55.818	158.431				2
2026.05.15	02:21:56.419	158.430				2
2026.05.15	02:21:57.319		158.431			4
2026.05.15	02:22:00.023	158.430				2
2026.05.15	02:22:00.928	158.433	158.434			6
2026.05.15	02:22:01.528	158.432	158.433			6
2026.05.15	02:22:18.363	158.433	158.434			6
2026.05.15	02:22:18.964	158.432	158.433			6
2026.05.15	02:22:20.465	158.434	158.435			6
2026.05.15	02:22:21.067	158.433	158.434			6
2026.05.15	02:22:23.176	158.436	158.437			6
2026.05.15	02:22:23.477	158.438	158.439			6
2026.05.15	02:22:26.479	158.437	158.438			6
2026.05.15	02:22:38.213	158.438	158.439			6
2026.05.15	02:22:40.618	158.439	158.440			6
2026.05.15	02:22:44.833	158.437	158.438			6
2026.05.15	02:22:45.133	158.438	158.439			6
2026.05.15	02:22:46.035	158.437	158.438			6
2026.05.15	02:22:48.138	158.438	158.439			6
2026.05.15	02:22:53.250	158.437	158.438			6
2026.05.15	02:23:00.159	158.437				2
2026.05.15	02:23:12.485	158.438	158.439			6
2026.05.15	02:23:13.086	158.437	158.438			6
2026.05.15	02:23:14.588	158.438	158.439			6
2026.05.15	02:23:15.191	158.437	158.438			6
2026.05.15	02:23:20.298	158.435	158.436			6
2026.05.15	02:23:26.310	158.434	158.435			6
2026.05.15	02:23:38.638	158.433	158.434			6
2026.05.15	02:23:38.939	158.434	158.435			6
2026.05.15	02:23:57.270	158.433	158.434			6
2026.05.15	02:23:59.673	158.434	158.435			6
2026.05.15	02:23:59.973	158.433	158.434			6
2026.05.15	02:24:00.273	158.434	158.435			6
2026.05.15	02:24:01.175	158.433	158.434			6
2026.05.15	02:24:01.476	158.434	158.435			6
2026.05.15	02:24:03.578	158.433	158.434			6
2026.05.15	02:24:04.780	158.434	158.435			6
2026.05.15	02:24:14.092	158.433	158.434			6
2026.05.15	02:24:14.693	158.434	158.435			6
2026.05.15	02:24:20.708	158.435	158.436			6
2026.05.15	02:24:21.009	158.434	158.435			6
2026.05.15	02:24:32.436	158.433	158.434			6
2026.05.15	02:24:32.737	158.434	158.435			6
2026.05.15	02:24:33.337	158.433	158.434			6
2026.05.15	02:24:35.440	158.434	158.435			6
2026.05.15	02:24:35.740	158.435	158.436			6
2026.05.15	02:24:37.843	158.434	158.435			6
2026.05.15	02:24:38.743	158.433	158.434			6
2026.05.15	02:24:53.763	158.432	158.433			6
2026.05.15	02:25:00.077	158.432				2
2026.05.15	02:25:01.577	158.431	158.432			6
2026.05.15	02:25:07.585	158.432	158.433			6
2026.05.15	02:25:15.417	158.431	158.432			6
2026.05.15	02:25:15.720	158.430	158.431			6
2026.05.15	02:25:38.581	158.429	158.430			6
2026.05.15	02:25:40.682	158.430	158.431			6
2026.05.15	02:25:49.089	158.429	158.430			6
2026.05.15	02:25:53.900	158.430	158.431			6
2026.05.15	02:25:55.103	158.431	158.432			6
2026.05.15	02:26:00.219	158.431				2
2026.05.15	02:26:03.833	158.430	158.431			6
2026.05.15	02:26:10.750	158.429	158.430			6
2026.05.15	02:26:11.651	158.430	158.431			6
2026.05.15	02:26:26.677	158.420	158.421			6
2026.05.15	02:26:26.976	158.419	158.420			6
2026.05.15	02:26:27.276	158.417				2
2026.05.15	02:26:27.578	158.415	158.418			6
2026.05.15	02:26:31.181	158.416				2
2026.05.15	02:26:41.434	158.415	158.417			6
2026.05.15	02:26:42.034	158.416	158.418			6
2026.05.15	02:26:47.145		158.417			4
2026.05.15	02:26:51.955	158.417	158.418			6
2026.05.15	02:26:55.561	158.416	158.417			6
2026.05.15	02:27:00.066	158.416				2
2026.05.15	02:27:01.870	158.415	158.416			6
2026.05.15	02:27:02.172	158.416	158.417			6
2026.05.15	02:27:02.471	158.417	158.418			6
2026.05.15	02:27:06.378	158.416	158.417			6
2026.05.15	02:27:17.496	158.417	158.418			6
2026.05.15	02:27:25.014	158.419	158.420			6
2026.05.15	02:27:29.835	158.418	158.419			6
2026.05.15	02:27:32.541	158.417	158.418			6
2026.05.15	02:27:33.743	158.418	158.419			6
2026.05.15	02:27:37.046	158.417	158.418			6
2026.05.15	02:27:37.647	158.419	158.420			6
2026.05.15	02:27:41.253	158.418	158.419			6
2026.05.15	02:27:41.554	158.419	158.420			6
2026.05.15	02:27:42.758	158.418	158.419			6
2026.05.15	02:27:44.864	158.419	158.420			6
2026.05.15	02:27:45.165	158.417	158.418			6
2026.05.15	02:27:45.769	158.418	158.419			6
2026.05.15	02:27:46.071	158.417	158.418			6
2026.05.15	02:27:50.280	158.418	158.419			6
2026.05.15	02:27:56.887	158.419	158.420			6
2026.05.15	02:27:57.788	158.418	158.419			6
2026.05.15	02:28:00.200	158.418				2
2026.05.15	02:28:08.940	158.419	158.420			6
2026.05.15	02:28:11.345	158.421	158.422			6
2026.05.15	02:28:11.644	158.422	158.423			6
2026.05.15	02:28:11.945	158.421	158.422			6
2026.05.15	02:28:12.846	158.420	158.421			6
2026.05.15	02:28:15.250	158.421	158.422			6
2026.05.15	02:28:16.753	158.419	158.420			6
2026.05.15	02:28:17.055	158.425	158.426			6
2026.05.15	02:28:17.353	158.427	158.428			6
2026.05.15	02:28:18.254	158.421	158.422			6
2026.05.15	02:28:18.556	158.420	158.421			6
2026.05.15	02:28:19.155	158.419	158.420			6
2026.05.15	02:28:19.455	158.418	158.419			6
2026.05.15	02:28:20.356	158.416				2
2026.05.15	02:28:20.659		158.420			4
2026.05.15	02:28:21.261		158.419			4
2026.05.15	02:28:26.979	158.414	158.418			6
2026.05.15	02:28:27.279		158.417			4
2026.05.15	02:28:31.489		158.418			4
2026.05.15	02:28:33.867	158.413				2
2026.05.15	02:28:34.167	158.414				2
2026.05.15	02:28:45.650	158.415				2
2026.05.15	02:28:45.950	158.414				2
2026.05.15	02:28:48.354	158.415	158.419			6
2026.05.15	02:28:48.654	158.414	158.418			6
2026.05.15	02:28:53.464	158.413	158.417			6
2026.05.15	02:28:57.070	158.415	158.419			6
2026.05.15	02:28:59.173		158.418			4
2026.05.15	02:29:00.075	158.415				2
2026.05.15	02:29:03.379		158.417			4
2026.05.15	02:29:03.679		158.418			4
2026.05.15	02:29:04.580	158.414	158.417			6
2026.05.15	02:29:06.381	158.415	158.418			6
2026.05.15	02:29:10.587	158.416				2
2026.05.15	02:29:12.693		158.417			4
2026.05.15	02:29:12.997		158.418			4
2026.05.15	02:29:19.923	158.415	158.417			6
2026.05.15	02:29:20.523	158.416	158.418			6
2026.05.15	02:29:22.929	158.415	158.417			6
2026.05.15	02:29:28.338	158.416				2
2026.05.15	02:29:34.350	158.414	158.415			6
2026.05.15	02:29:34.650	158.409	158.410			6
2026.05.15	02:29:34.950	158.411	158.412			6
2026.05.15	02:29:35.852	158.410	158.411			6
2026.05.15	02:29:36.753	158.409	158.412			6
2026.05.15	02:29:39.156	158.410				2
2026.05.15	02:29:39.456	158.411				2
2026.05.15	02:29:41.861	158.410	158.411			6
2026.05.15	02:29:42.464	158.409				2
2026.05.15	02:29:43.064	158.408				2
2026.05.15	02:29:44.567	158.409				2
2026.05.15	02:29:46.674	158.410				2
2026.05.15	02:29:50.880	158.409				2
2026.05.15	02:29:52.379	158.410				2
2026.05.15	02:29:55.688	158.411	158.412			6
2026.05.15	02:30:00.216	158.411				2
2026.05.15	02:30:01.422	158.413	158.416			6
2026.05.15	02:30:01.720	158.415	158.417			6
2026.05.15	02:30:02.021	158.414	158.416			6
2026.05.15	02:30:02.321	158.415				2
2026.05.15	02:30:03.223	158.414				2
2026.05.15	02:30:05.627	158.415	158.418			6
2026.05.15	02:30:08.334	158.414	158.417			6
2026.05.15	02:30:10.141	158.415				2
2026.05.15	02:30:12.248	158.416				2
2026.05.15	02:30:14.958	158.415	158.418			6
2026.05.15	02:30:15.560		158.417			4
2026.05.15	02:30:16.160		158.418			4
2026.05.15	02:30:16.761		158.417			4
2026.05.15	02:30:19.775	158.416				2
2026.05.15	02:30:25.782		158.418			4
2026.05.15	02:30:26.082	158.415				2
2026.05.15	02:30:26.685		158.416			4
2026.05.15	02:30:27.287	158.416	158.417			6
2026.05.15	02:30:27.588	158.415	158.416			6
2026.05.15	02:30:30.599	158.414	158.415			6
2026.05.15	02:30:32.702	158.412	158.413			6
2026.05.15	02:30:33.306		158.414			4
2026.05.15	02:30:34.209	158.414	158.415			6
2026.05.15	02:30:36.313	158.409	158.410			6
2026.05.15	02:30:36.916	158.408				2
2026.05.15	02:30:37.216	158.407				2
2026.05.15	02:30:38.424		158.409			4
2026.05.15	02:30:38.728		158.410			4
2026.05.15	02:30:39.030		158.409			4
2026.05.15	02:30:45.341	158.408	158.411			6
2026.05.15	02:30:45.641	158.410				2
2026.05.15	02:30:51.051		158.412			4
2026.05.15	02:30:51.352		158.411			4
2026.05.15	02:30:52.253	158.411	158.412			6
2026.05.15	02:30:53.153	158.413	158.416			6
2026.05.15	02:30:53.453	158.415				2
2026.05.15	02:30:54.054	158.414				2
2026.05.15	02:30:58.262	158.415				2
2026.05.15	02:31:00.063	158.415				2
2026.05.15	02:31:03.672		158.417			4
2026.05.15	02:31:04.273		158.416			4
2026.05.15	02:31:04.876	158.414				2
2026.05.15	02:31:08.180	158.415				2
2026.05.15	02:31:09.083	158.414				2
2026.05.15	02:31:09.384		158.417			4
2026.05.15	02:31:11.790	158.415	158.416			6
2026.05.15	02:31:12.993	158.414				2
2026.05.15	02:31:14.195	158.413				2
2026.05.15	02:31:15.395	158.414				2
2026.05.15	02:31:16.298	158.415				2
2026.05.15	02:31:18.405	158.411	158.412			6
2026.05.15	02:31:19.308	158.410				2
2026.05.15	02:31:20.510		158.413			4
2026.05.15	02:31:21.111		158.412			4
2026.05.15	02:31:22.914		158.411			4
2026.05.15	02:31:23.816		158.413			4
2026.05.15	02:31:26.823		158.412			4
2026.05.15	02:31:27.430	158.409				2
2026.05.15	02:31:28.633	158.410				2
2026.05.15	02:31:28.936	158.409				2
2026.05.15	02:31:31.037		158.413			4
2026.05.15	02:31:32.539		158.412			4
2026.05.15	02:31:33.140		158.411			4
2026.05.15	02:31:33.441	158.410				2
2026.05.15	02:31:34.941	158.411	158.412			6
2026.05.15	02:31:35.242	158.410	158.411			6
2026.05.15	02:31:36.744	158.411	158.412			6
2026.05.15	02:31:37.345	158.410	158.411			6
2026.05.15	02:31:39.146	158.411	158.412			6
2026.05.15	02:31:39.447	158.410	158.411			6
2026.05.15	02:31:39.747	158.411	158.412			6
2026.05.15	02:31:40.047	158.410	158.411			6
2026.05.15	02:31:40.647		158.412			4
2026.05.15	02:31:40.948	158.411				2
2026.05.15	02:31:41.848	158.412	158.414			6
2026.05.15	02:31:42.147		158.415			4
2026.05.15	02:31:42.448	158.408	158.411			6
2026.05.15	02:31:42.748	158.409				2
2026.05.15	02:31:43.349	158.408				2
2026.05.15	02:31:43.649	158.409				2
2026.05.15	02:31:43.949	158.408				2
2026.05.15	02:31:44.250	158.407	158.409			6
2026.05.15	02:31:44.550	158.406				2
2026.05.15	02:31:45.452	158.405				2
2026.05.15	02:31:46.953		158.408			4
2026.05.15	02:31:47.253		158.409			4
2026.05.15	02:31:49.655		158.408			4
2026.05.15	02:32:00.176	158.405				2
2026.05.15	02:32:05.282	158.407				2
2026.05.15	02:32:10.394	158.406				2
2026.05.15	02:32:26.343	158.407				2
2026.05.15	02:32:31.145	158.408	158.409			6
2026.05.15	02:32:31.746	158.407	158.408			6
2026.05.15	02:32:32.646	158.406	158.407			6
2026.05.15	02:32:37.450	158.408	158.409			6
2026.05.15	02:32:41.354	158.407	158.408			6
2026.05.15	02:32:41.654	158.408	158.409			6
2026.05.15	02:32:42.554	158.407	158.408			6
2026.05.15	02:32:43.156	158.408	158.409			6
2026.05.15	02:32:44.357	158.407	158.408			6
2026.05.15	02:32:51.263	158.408	158.409			6
2026.05.15	02:32:51.563	158.407	158.408			6
2026.05.15	02:32:53.072	158.408	158.409			6
2026.05.15	02:32:55.479	158.406	158.407			6
2026.05.15	02:32:55.780	158.407	158.408			6
2026.05.15	02:33:00.285	158.407				2
2026.05.15	02:33:03.592	158.406	158.407			6
2026.05.15	02:33:05.398	158.407	158.408			6
2026.05.15	02:33:13.218	158.406	158.407			6
2026.05.15	02:33:14.120	158.407	158.408			6
2026.05.15	02:33:15.322	158.406	158.407			6
2026.05.15	02:33:15.923	158.407	158.408			6
2026.05.15	02:33:18.028	158.408	158.409			6
2026.05.15	02:33:19.530	158.407	158.408			6
2026.05.15	02:33:19.831	158.406	158.407			6
2026.05.15	02:33:27.646	158.407	158.408			6
2026.05.15	02:33:28.545	158.406	158.407			6
2026.05.15	02:33:51.987	158.407	158.408			6
2026.05.15	02:34:00.115	158.406	158.407			6
2026.05.15	02:34:30.485	158.407	158.408			6
2026.05.15	02:34:40.101	158.406	158.407			6
2026.05.15	02:34:40.701	158.407	158.408			6
2026.05.15	02:34:49.427	158.408	158.409			6
2026.05.15	02:34:56.938	158.407	158.408			6
2026.05.15	02:35:00.242	158.408	158.409			6
2026.05.15	02:35:00.542	158.407	158.408			6
2026.05.15	02:35:16.167	158.406	158.407			6
2026.05.15	02:35:22.479	158.407	158.408			6
2026.05.15	02:35:26.982	158.406	158.407			6
2026.05.15	02:35:27.282	158.407	158.408			6
2026.05.15	02:35:28.183	158.405	158.406			6
2026.05.15	02:35:28.484	158.406	158.407			6
2026.05.15	02:35:53.452	158.407	158.408			6
2026.05.15	02:35:55.557	158.406	158.407			6
2026.05.15	02:36:00.079	158.406				2
2026.05.15	02:36:18.733	158.407	158.408			6
2026.05.15	02:36:20.537	158.406	158.407			6
2026.05.15	02:36:22.039	158.405	158.406			6
2026.05.15	02:36:22.940	158.406	158.407			6
2026.05.15	02:36:25.342	158.407	158.408			6
2026.05.15	02:36:41.263	158.406	158.407			6
2026.05.15	02:36:46.678	158.405	158.406			6
2026.05.15	02:36:47.877	158.406	158.407			6
2026.05.15	02:36:50.587	158.404	158.405			6
2026.05.15	02:36:51.487	158.406	158.407			6
2026.05.15	02:36:52.088	158.407	158.408			6
2026.05.15	02:36:54.493	158.406	158.407			6
2026.05.15	02:36:59.305	158.407	158.408			6
2026.05.15	02:37:00.210	158.407				2
2026.05.15	02:37:02.315	158.406	158.407			6
2026.05.15	02:37:11.028	158.407	158.408			6
2026.05.15	02:37:13.435	158.406	158.407			6
2026.05.15	02:37:13.736	158.407	158.408			6
2026.05.15	02:37:26.353	158.406	158.407			6
2026.05.15	02:37:27.254	158.407	158.408			6
2026.05.15	02:37:28.756	158.406	158.407			6
2026.05.15	02:37:41.680	158.405	158.406			6
2026.05.15	02:37:41.980	158.406	158.407			6
2026.05.15	02:37:45.586	158.407	158.408			6
2026.05.15	02:37:46.187	158.406	158.407			6
2026.05.15	02:37:49.793	158.405	158.406			6
2026.05.15	02:38:00.022	158.405				2
2026.05.15	02:38:04.542	158.403	158.404			6
2026.05.15	02:38:06.042	158.404	158.405			6
2026.05.15	02:38:11.151	158.405	158.406			6
2026.05.15	02:38:22.870	158.406	158.407			6
2026.05.15	02:38:29.178	158.407	158.408			6
2026.05.15	02:38:35.485	158.408	158.409			6
2026.05.15	02:39:00.155	158.408				2
2026.05.15	02:39:01.357	158.407	158.408			6
2026.05.15	02:39:10.672	158.406	158.407			6
2026.05.15	02:39:10.972	158.407	158.408			6
2026.05.15	02:39:23.898	158.408	158.409			6
2026.05.15	02:39:26.907	158.407	158.408			6
2026.05.15	02:39:45.256	158.408	158.409			6
2026.05.15	02:39:47.962	158.409	158.410			6
2026.05.15	02:39:48.261	158.413	158.414			6
2026.05.15	02:39:55.481	158.408	158.409			6
2026.05.15	02:39:55.783	158.407	158.408			6
2026.05.15	02:40:00.292	158.407				2
2026.05.15	02:40:06.613	158.408	158.409			6
2026.05.15	02:40:08.416	158.407	158.408			6
2026.05.15	02:40:13.828	158.408	158.409			6
2026.05.15	02:40:14.132	158.407	158.408			6
2026.05.15	02:40:17.440	158.406	158.407			6
2026.05.15	02:40:19.244	158.407	158.408			6
2026.05.15	02:40:22.249	158.406	158.407			6
2026.05.15	02:40:27.958	158.413	158.414			6
2026.05.15	02:40:28.258	158.412	158.413			6
2026.05.15	02:40:28.560	158.413	158.414			6
2026.05.15	02:40:33.666	158.414	158.415			6
2026.05.15	02:40:36.074	158.416	158.417			6
2026.05.15	02:40:36.375	158.415	158.416			6
2026.05.15	02:40:40.580	158.416	158.417			6
2026.05.15	02:40:51.417	158.415	158.416			6
2026.05.15	02:40:53.824	158.416	158.417			6
2026.05.15	02:40:57.436	158.415	158.416			6
2026.05.15	02:40:59.841	158.416	158.417			6
2026.05.15	02:41:00.141	158.415	158.416			6
2026.05.15	02:41:00.441	158.414	158.415			6
2026.05.15	02:41:03.143	158.415	158.416			6
2026.05.15	02:41:04.943	158.416	158.417			6
2026.05.15	02:41:05.545	158.417	158.418			6
2026.05.15	02:41:12.461	158.416	158.417			6
2026.05.15	02:41:22.688	158.417	158.418			6
2026.05.15	02:41:27.499	158.416	158.417			6
2026.05.15	02:41:29.000	158.417	158.418			6
2026.05.15	02:41:35.919	158.418	158.419			6
2026.05.15	02:41:37.133	158.417	158.418			6
2026.05.15	02:41:37.433	158.418	158.419			6
2026.05.15	02:41:38.638	158.417	158.418			6
2026.05.15	02:41:39.242	158.418	158.419			6
2026.05.15	02:41:46.761	158.417	158.418			6
2026.05.15	02:41:47.061	158.415	158.416			6
2026.05.15	02:41:56.080	158.416	158.417			6
2026.05.15	02:41:56.980	158.417	158.418			6
2026.05.15	02:41:57.881	158.416	158.417			6
2026.05.15	02:41:58.182	158.417	158.418			6
2026.05.15	02:41:59.386	158.416	158.417			6
2026.05.15	02:42:00.287	158.416				2
2026.05.15	02:42:00.587	158.417	158.418			6
2026.05.15	02:42:05.998	158.418	158.419			6
2026.05.15	02:42:06.299	158.417	158.418			6
2026.05.15	02:42:11.107	158.418	158.419			6
2026.05.15	02:42:19.230	158.416	158.417			6
2026.05.15	02:42:29.745	158.417	158.418			6
2026.05.15	02:43:00.118	158.417				2
2026.05.15	02:43:05.230	158.416	158.417			6
2026.05.15	02:43:06.434	158.417	158.418			6
2026.05.15	02:43:07.335	158.406	158.407			6
2026.05.15	02:43:07.935	158.405	158.406			6
2026.05.15	02:43:08.236	158.404	158.407			6
2026.05.15	02:43:13.042	158.405	158.408			6
2026.05.15	02:43:15.745	158.404	158.407			6
2026.05.15	02:43:16.045	158.403	158.406			6
2026.05.15	02:43:16.946	158.404	158.407			6
2026.05.15	02:43:18.750	158.403	158.406			6
2026.05.15	02:43:25.058	158.402	158.405			6
2026.05.15	02:43:26.263	158.403				2
2026.05.15	02:43:38.591	158.404	158.406			6
2026.05.15	02:43:39.493	158.405	158.407			6
2026.05.15	02:43:40.696	158.406	158.408			6
2026.05.15	02:43:40.997	158.405	158.407			6
2026.05.15	02:43:41.297	158.406	158.408			6
2026.05.15	02:43:41.898	158.405	158.407			6
2026.05.15	02:43:44.908	158.404	158.406			6
2026.05.15	02:43:51.232	158.405				2
2026.05.15	02:44:00.251	158.404	158.405			6
2026.05.15	02:44:02.353	158.403	158.404			6
2026.05.15	02:44:11.377	158.404	158.405			6
2026.05.15	02:44:14.683	158.403	158.404			6
2026.05.15	02:44:18.893	158.404	158.405			6
2026.05.15	02:44:29.416	158.403	158.404			6
2026.05.15	02:44:35.134	158.395	158.396			6
2026.05.15	02:44:35.434	158.394	158.395			6
2026.05.15	02:44:36.336	158.391	158.396			6
2026.05.15	02:44:36.937	158.392	158.397			6
2026.05.15	02:44:37.239	158.393	158.398			6
2026.05.15	02:44:39.941	158.392	158.397			6
2026.05.15	02:44:40.244		158.396			4
2026.05.15	02:44:43.547	158.393	158.397			6
2026.05.15	02:44:44.147	158.392	158.396			6
2026.05.15	02:44:51.063	158.391	158.395			6
2026.05.15	02:44:51.663	158.392	158.396			6
2026.05.15	02:44:54.367	158.391	158.395			6
2026.05.15	02:44:56.475	158.392	158.396			6
2026.05.15	02:45:00.082	158.392				2
2026.05.15	02:45:02.185		158.395			4
2026.05.15	02:45:02.486	158.394	158.397			6
2026.05.15	02:45:02.787	158.395	158.398			6
2026.05.15	02:45:03.386	158.394	158.397			6
2026.05.15	02:45:03.687	158.396	158.399			6
2026.05.15	02:45:04.287	158.395				2
2026.05.15	02:45:04.888	158.396	158.400			6
2026.05.15	02:45:05.488	158.397	158.401			6
2026.05.15	02:45:06.688	158.396	158.400			6
2026.05.15	02:45:07.289	158.393	158.397			6
2026.05.15	02:45:07.588	158.392	158.396			6
2026.05.15	02:45:07.888	158.393	158.397			6
