<DATE>	<TIME>	<BID>	<ASK>	<LAST>	<VOLUME>	<FLAGS>
2026.02.04	00:03:31.140	155.681	155.814			6
2026.02.04	00:04:00.159	155.681				2
2026.02.04	00:04:31.390		155.814			4
2026.02.04	00:05:00.143	155.681				2
2026.02.04	00:05:04.782	155.704	155.837			6
2026.02.04	00:05:08.798	155.710	155.843			6
2026.02.04	00:05:09.416	155.711	155.844			6
2026.02.04	00:05:32.918	155.710	155.843			6
2026.02.04	00:05:43.107	155.715	155.848			6
2026.02.04	00:05:54.241	155.713	155.846			6
2026.02.04	00:05:57.024	155.712	155.847			6
2026.02.04	00:06:00.120	155.712				2
2026.02.04	00:06:04.443	155.725				2
2026.02.04	00:06:10.011	155.730				2
2026.02.04	00:06:13.090		155.848			4
2026.02.04	00:06:35.353		155.849			4
2026.02.04	00:06:40.924	155.714				2
2026.02.04	00:06:43.096	155.716	155.851			6
2026.02.04	00:07:00.115	155.716				2
2026.02.04	00:07:00.735	155.705	155.827			6
2026.02.04	00:07:01.345	155.725				2
2026.02.04	00:07:12.793	155.744	155.811			6
2026.02.04	00:07:18.048	155.750				2
2026.02.04	00:07:23.618		155.810			4
2026.02.04	00:07:48.985	155.744				2
2026.02.04	00:07:54.870	155.759				2
2026.02.04	00:07:55.177		155.818			4
2026.02.04	00:07:58.855	155.740	155.815			6
2026.02.04	00:08:00.316	155.740				2
2026.02.04	00:08:05.632	155.732				2
2026.02.04	00:08:09.017	155.733				2
2026.02.04	00:08:11.159	155.732				2
2026.02.04	00:08:11.465	155.733				2
2026.02.04	00:08:13.609	155.732				2
2026.02.04	00:08:15.153	155.733				2
2026.02.04	00:08:17.914	155.740				2
2026.02.04	00:08:18.715	155.757	155.844			6
2026.02.04	00:08:19.629	155.749	155.843			6
2026.02.04	00:08:20.540	155.747	155.841			6
2026.02.04	00:08:23.315	155.749	155.843			6
2026.02.04	00:08:24.848	155.748	155.842			6
2026.02.04	00:08:30.351	155.763	155.843			6
2026.02.04	00:08:30.749	155.768				2
2026.02.04	00:08:31.667	155.764				2
2026.02.04	00:08:33.495	155.770	155.845			6
2026.02.04	00:08:48.968	155.768				2
2026.02.04	00:08:59.155	155.770				2
2026.02.04	00:09:00.375	155.770				2
2026.02.04	00:09:29.962	155.758				2
2026.02.04	00:09:30.576		155.843			4
2026.02.04	00:09:33.984	155.757				2
2026.02.04	00:09:34.601	155.756				2
2026.02.04	00:09:47.892	155.770				2
2026.02.04	00:10:00.375	155.770				2
2026.02.04	00:10:10.467	155.755				2
2026.02.04	00:10:11.709		155.849			4
2026.02.04	00:10:19.126	155.754	155.848			6
2026.02.04	00:10:30.577	155.755	155.849			6
2026.02.04	00:10:53.484	155.754	155.848			6
2026.02.04	00:11:00.301	155.754				2
2026.02.04	00:11:07.722		155.844			4
2026.02.04	00:11:14.520		155.848			4
2026.02.04	00:11:15.451		155.844			4
2026.02.04	00:11:20.708		155.848			4
2026.02.04	00:11:21.634		155.844			4
2026.02.04	00:11:23.487		155.843			4
2026.02.04	00:11:24.103	155.753				2
2026.02.04	00:11:24.724	155.782	155.858			6
2026.02.04	00:11:26.896		155.876			4
2026.02.04	00:11:27.515	155.779	155.873			6
2026.02.04	00:11:27.825		155.858			4
2026.02.04	00:11:29.059	155.776				2
2026.02.04	00:11:31.526	155.784	155.857			6
2026.02.04	00:11:33.113	155.782	155.876			6
2026.02.04	00:11:34.040	155.784	155.857			6
2026.02.04	00:11:36.258	155.791	155.856			6
2026.02.04	00:11:39.388	155.782	155.876			6
2026.02.04	00:11:40.325	155.791	155.856			6
2026.02.04	00:12:00.474	155.791				2
2026.02.04	00:12:17.309		155.859			4
2026.02.04	00:12:40.475	155.792				2
2026.02.04	00:12:48.347	155.770	155.834			6
2026.02.04	00:12:53.608		155.824			4
2026.02.04	00:12:56.764	155.740				2
2026.02.04	00:13:01.963	155.740				2
2026.02.04	00:13:06.344	155.770				2
2026.02.04	00:13:49.079	155.740				2
2026.02.04	00:13:53.943		155.824			4
2026.02.04	00:14:07.844	155.740				2
2026.02.04	00:14:10.312		155.825			4
2026.02.04	00:14:15.445	155.770				2
2026.02.04	00:14:19.011		155.824			4
2026.02.04	00:14:31.088	155.768				2
2026.02.04	00:14:47.812		155.825			4
2026.02.04	00:14:52.011	155.740				2
2026.02.04	00:14:53.724	155.768				2
2026.02.04	00:15:00.305	155.768				2
2026.02.04	00:15:01.636	155.738	155.818			6
2026.02.04	00:15:04.755	155.747				2
2026.02.04	00:15:05.091	155.738	155.806			6
2026.02.04	00:15:05.403	155.747	155.818			6
2026.02.04	00:15:05.711	155.738	155.806			6
2026.02.04	00:15:06.040	155.747	155.818			6
2026.02.04	00:15:06.342	155.738	155.806			6
2026.02.04	00:15:06.673	155.747	155.818			6
2026.02.04	00:15:06.986	155.738	155.806			6
2026.02.04	00:15:07.302	155.747	155.817			6
2026.02.04	00:15:07.616	155.738	155.806			6
2026.02.04	00:15:07.940	155.747	155.817			6
2026.02.04	00:15:08.263	155.738	155.806			6
2026.02.04	00:15:08.591		155.817			4
2026.02.04	00:15:08.904		155.816			4
2026.02.04	00:15:12.639		155.815			4
2026.02.04	00:15:24.392	155.732				2
2026.02.04	00:15:32.118	155.738				2
2026.02.04	00:15:44.189		155.814			4
2026.02.04	00:15:45.741		155.815			4
2026.02.04	00:15:46.047		155.814			4
2026.02.04	00:15:55.936		155.815			4
2026.02.04	00:15:57.171		155.816			4
2026.02.04	00:16:00.258	155.738				2
2026.02.04	00:16:01.805		155.817			4
2026.02.04	00:16:02.730	155.714	155.816			6
2026.02.04	00:16:13.903	155.732				2
2026.02.04	00:16:17.616	155.714				2
2026.02.04	00:16:18.554	155.732	155.817			6
2026.02.04	00:16:20.721	155.714				2
2026.02.04	00:16:21.339	155.731				2
2026.02.04	00:16:28.474		155.816			4
2026.02.04	00:16:40.227		155.817			4
2026.02.04	00:16:44.516	155.713				2
2026.02.04	00:16:48.535	155.712	155.816			6
2026.02.04	00:16:49.157	155.710	155.806			6
2026.02.04	00:16:49.618		155.807			4
2026.02.04	00:16:56.936	155.740				2
2026.02.04	00:17:01.017	155.740				2
2026.02.04	00:17:05.211		155.808			4
2026.02.04	00:17:11.327	155.708				2
2026.02.04	00:17:12.259	155.740				2
2026.02.04	00:17:27.269	155.710				2
2026.02.04	00:17:28.539	155.740				2
2026.02.04	00:17:29.810	155.707				2
2026.02.04	00:17:30.426	155.740				2
2026.02.04	00:17:32.212		155.807			4
2026.02.04	00:17:40.312		155.808			4
2026.02.04	00:17:59.269	155.710				2
2026.02.04	00:18:00.103	155.729	155.817			6
2026.02.04	00:18:01.331	155.730				2
2026.02.04	00:18:05.339	155.757				2
2026.02.04	00:18:19.264	155.751	155.816			6
2026.02.04	00:18:35.964		155.815			4
2026.02.04	00:18:38.251	155.734	155.807			6
2026.02.04	00:18:42.451	155.705				2
2026.02.04	00:18:56.229	155.732				2
2026.02.04	00:19:00.155	155.732				2
2026.02.04	00:19:14.130	155.738	155.815			6
2026.02.04	00:19:15.131	155.747				2
2026.02.04	00:19:15.997	155.749				2
2026.02.04	00:19:27.569	155.731				2
2026.02.04	00:19:31.620	155.749				2
2026.02.04	00:19:37.280	155.750				2
2026.02.04	00:20:00.474	155.750				2
2026.02.04	00:20:07.814	155.731				2
2026.02.04	00:20:14.131		155.815			4
2026.02.04	00:20:18.363	155.749				2
2026.02.04	00:20:31.025	155.752	155.814			6
2026.02.04	00:20:40.475		155.813			4
2026.02.04	00:20:49.675	155.737				2
2026.02.04	00:20:50.502	155.736	155.814			6
2026.02.04	00:20:56.081	155.753				2
2026.02.04	00:21:01.328	155.753				2
2026.02.04	00:21:14.135		155.815			4
2026.02.04	00:21:26.893	155.752				2
2026.02.04	00:21:31.199	155.750	155.814			6
2026.02.04	00:21:38.916	155.734				2
2026.02.04	00:21:51.329		155.813			4
2026.02.04	00:22:00.054	155.734				2
2026.02.04	00:22:14.137	155.733				2
2026.02.04	00:22:21.156	155.751				2
2026.02.04	00:22:44.539	155.734				2
2026.02.04	00:22:54.323		155.813			4
2026.02.04	00:22:56.723	155.733	155.814			6
2026.02.04	00:23:00.474	155.733				2
2026.02.04	00:23:12.949	155.734	155.812			6
2026.02.04	00:23:40.378	155.733	155.813			6
2026.02.04	00:23:42.435	155.753				2
2026.02.04	00:24:00.378	155.753				2
2026.02.04	00:24:13.412	155.752				2
2026.02.04	00:24:18.508	155.733				2
2026.02.04	00:24:35.540	155.753				2
2026.02.04	00:24:41.962		155.813			4
2026.02.04	00:24:56.426		155.811			4
2026.02.04	00:25:00.423	155.753				2
2026.02.04	00:25:06.691	155.735				2
2026.02.04	00:25:17.017	155.740				2
2026.02.04	00:25:18.885	155.751				2
2026.02.04	00:25:23.722		155.812			4
2026.02.04	00:25:49.445	155.734				2
2026.02.04	00:26:09.304	155.734				2
2026.02.04	00:26:12.357	155.740				2
2026.02.04	00:26:23.723		155.812			4
2026.02.04	00:26:24.452	155.751				2
2026.02.04	00:26:55.793	155.734				2
2026.02.04	00:27:03.726	155.734				2
2026.02.04	00:27:26.203	155.740	155.812			6
2026.02.04	00:27:56.795	155.734				2
2026.02.04	00:27:57.495	155.751				2
2026.02.04	00:28:01.328	155.751				2
2026.02.04	00:28:27.905	155.740	155.812			6
2026.02.04	00:28:35.975	155.751				2
2026.02.04	00:29:06.569	155.740				2
2026.02.04	00:29:07.515	155.743				2
2026.02.04	00:29:23.659	155.751				2
2026.02.04	00:29:33.160		155.812			4
2026.02.04	00:29:54.981	155.743				2
2026.02.04	00:30:00.475	155.743	155.815			6
2026.02.04	00:30:04.295		155.811			4
2026.02.04	00:30:20.163	155.735				2
2026.02.04	00:30:24.339	155.742				2
2026.02.04	00:30:29.139	155.735				2
2026.02.04	00:30:39.154	155.733	155.813			6
2026.02.04	00:30:51.614	155.744				2
2026.02.04	00:31:00.475	155.744				2
2026.02.04	00:31:06.562		155.815			4
2026.02.04	00:31:06.863		155.814			4
2026.02.04	00:31:07.263		155.815			4
2026.02.04	00:31:09.179		155.814			4
2026.02.04	00:31:10.568		155.815			4
2026.02.04	00:31:11.361		155.814			4
2026.02.04	00:31:15.365		155.815			4
2026.02.04	00:31:19.912		155.813			4
2026.02.04	00:31:20.219		155.815			4
2026.02.04	00:31:21.359		155.814			4
2026.02.04	00:31:22.708	155.734	155.813			6
2026.02.04	00:31:23.161		155.814			4
2026.02.04	00:31:24.258	155.744				2
2026.02.04	00:31:31.913		155.813			4
2026.02.04	00:31:34.063		155.814			4
2026.02.04	00:31:38.781		155.813			4
2026.02.04	00:31:41.512		155.814			4
2026.02.04	00:31:43.463		155.813			4
2026.02.04	00:31:44.832		155.814			4
2026.02.04	00:31:45.133		155.813			4
2026.02.04	00:31:54.957	155.736				2
2026.02.04	00:32:00.475	155.736				2
2026.02.04	00:32:06.776	155.734				2
2026.02.04	00:32:07.840	155.735	155.814			6
2026.02.04	00:32:08.464	155.744				2
2026.02.04	00:32:10.966	155.752	155.819			6
2026.02.04	00:32:11.271		155.822			4
2026.02.04	00:32:11.858		155.821			4
2026.02.04	00:32:13.185		155.822			4
2026.02.04	00:33:41.431	155.736	155.812			6
2026.02.04	00:33:53.201	155.734				2
2026.02.04	00:34:00.474	155.745				2
2026.02.04	00:34:11.350	155.747				2
2026.02.04	00:34:11.702	155.745	155.800			6
2026.02.04	00:34:12.044	155.747	155.812			6
2026.02.04	00:34:12.390	155.745	155.800			6
2026.02.04	00:34:12.736	155.747	155.812			6
2026.02.04	00:34:13.091	155.745	155.800			6
2026.02.04	00:34:13.408	155.747	155.812			6
2026.02.04	00:34:13.798	155.745	155.800			6
2026.02.04	00:34:14.116	155.747	155.812			6
2026.02.04	00:34:14.461	155.745	155.800			6
2026.02.04	00:34:14.814	155.747	155.812			6
2026.02.04	00:34:15.159	155.745	155.800			6
2026.02.04	00:34:15.493		155.812			4
2026.02.04	00:34:31.858	155.734				2
2026.02.04	00:34:58.137	155.745				2
2026.02.04	00:35:03.411	155.745				2
2026.02.04	00:35:18.324		155.812			4
2026.02.04	00:35:28.910	155.734				2
2026.02.04	00:35:44.026	155.735				2
2026.02.04	00:35:45.095	155.736				2
2026.02.04	00:35:51.713	155.745				2
2026.02.04	00:35:59.760		155.809			4
2026.02.04	00:36:00.475	155.745				2
2026.02.04	00:36:22.530	155.734				2
2026.02.04	00:36:32.918		155.805			4
2026.02.04	00:36:33.540		155.804			4
2026.02.04	00:36:36.957		155.805			4
2026.02.04	00:36:41.301		155.806			4
2026.02.04	00:36:46.584		155.805			4
2026.02.04	00:36:57.104	155.745				2
2026.02.04	00:36:57.411		155.806			4
2026.02.04	00:37:00.184	155.745				2
2026.02.04	00:37:28.042	155.734				2
2026.02.04	00:37:55.039	155.745				2
2026.02.04	00:37:57.515		155.806			4
2026.02.04	00:37:58.440		155.805			4
2026.02.04	00:38:00.293	155.745				2
2026.02.04	00:38:14.491	155.732				2
2026.02.04	00:38:24.953		155.804			4
2026.02.04	00:38:29.595		155.805			4
2026.02.04	00:38:31.746		155.804			4
2026.02.04	00:38:44.762		155.805			4
2026.02.04	00:38:49.108	155.733				2
2026.02.04	00:39:00.282	155.733				2
2026.02.04	00:39:01.824		155.804			4
2026.02.04	00:39:02.444		155.803			4
2026.02.04	00:39:06.779	155.731				2
2026.02.04	00:39:08.654		155.804			4
2026.02.04	00:39:14.851		155.803			4
2026.02.04	00:39:16.089		155.804			4
2026.02.04	00:39:24.465		155.803			4
2026.02.04	00:39:56.669	155.732				2
2026.02.04	00:40:00.063	155.732				2
2026.02.04	00:40:02.236		155.806			4
2026.02.04	00:40:03.355		155.804			4
2026.02.04	00:40:05.524	155.731				2
2026.02.04	00:40:05.832		155.803			4
2026.02.04	00:40:12.955		155.802			4
2026.02.04	00:40:13.877		155.803			4
2026.02.04	00:40:37.398	155.730				2
2026.02.04	00:40:39.883		155.804			4
2026.02.04	00:41:00.020	155.730				2
2026.02.04	00:41:14.551		155.803			4
2026.02.04	00:41:16.417		155.804			4
2026.02.04	00:41:37.785	155.732	155.806			6
2026.02.04	00:41:38.118		155.805			4
2026.02.04	00:42:00.475	155.732				2
2026.02.04	00:42:26.868	155.747				2
2026.02.04	00:42:42.613		155.805			4
2026.02.04	00:42:44.326		155.802			4
2026.02.04	00:42:47.172	155.739				2
2026.02.04	00:42:48.492	155.747				2
2026.02.04	00:42:57.882	155.732				2
2026.02.04	00:42:59.808	155.747				2
2026.02.04	00:43:01.926	155.747				2
2026.02.04	00:43:19.678	155.739				2
2026.02.04	00:43:20.570		155.801			4
2026.02.04	00:43:30.712	155.730				2
2026.02.04	00:43:36.014	155.732	155.799			6
2026.02.04	00:43:44.513		155.797			4
2026.02.04	00:43:45.054	155.733				2
2026.02.04	00:43:46.568	155.731				2
2026.02.04	00:43:48.113	155.730				2
2026.02.04	00:43:50.059	155.731				2
2026.02.04	00:43:54.289	155.732				2
2026.02.04	00:43:59.142	155.733				2
2026.02.04	00:44:00.044	155.733				2
2026.02.04	00:44:07.612	155.734				2
2026.02.04	00:44:09.498	155.735	155.796			6
2026.02.04	00:44:10.055	155.736				2
2026.02.04	00:44:11.883	155.735				2
2026.02.04	00:44:14.141	155.747				2
2026.02.04	00:44:21.055		155.797			4
2026.02.04	00:44:30.957	155.739				2
2026.02.04	00:44:39.526		155.796			4
2026.02.04	00:44:42.041		155.798			4
2026.02.04	00:44:42.377		155.799			4
2026.02.04	00:44:44.512		155.798			4
2026.02.04	00:44:45.440	155.737				2
2026.02.04	00:44:50.060	155.736	155.799			6
2026.02.04	00:45:00.307	155.736				2
2026.02.04	00:45:03.111	155.708	155.802			6
2026.02.04	00:45:06.512	155.734	155.796			6
2026.02.04	00:45:06.860	155.735	155.797			6
2026.02.04	00:45:10.630	155.733				2
2026.02.04	00:45:14.488	155.747	155.783			6
2026.02.04	00:45:15.392	155.750	155.782			6
2026.02.04	00:45:19.133	155.749				2
2026.02.04	00:45:20.476	155.750				2
2026.02.04	00:45:23.388	155.751				2
2026.02.04	00:45:25.912	155.750				2
2026.02.04	00:45:34.611	155.751				2
2026.02.04	00:45:36.568	155.748				2
2026.02.04	00:45:46.563	155.751				2
2026.02.04	00:45:47.061	155.750				2
2026.02.04	00:45:54.093		155.784			4
2026.02.04	00:45:54.493		155.783			4
2026.02.04	00:45:59.143	155.747				2
2026.02.04	00:46:00.061	155.747				2
2026.02.04	00:46:01.013	155.748	155.782			6
2026.02.04	00:46:02.365	155.749	155.783			6
2026.02.04	00:46:04.152	155.750				2
2026.02.04	00:46:08.512		155.782			4
2026.02.04	00:46:09.208	155.751	155.783			6
2026.02.04	00:46:11.458	155.750				2
2026.02.04	00:46:12.370	155.751				2
2026.02.04	00:46:14.061	155.749	155.782			6
2026.02.04	00:46:24.421	155.751	155.783			6
2026.02.04	00:46:25.061		155.782			4
2026.02.04	00:46:26.152		155.783			4
2026.02.04	00:46:44.142	155.747	155.782			6
2026.02.04	00:46:45.413	155.748				2
2026.02.04	00:46:46.568	155.750				2
2026.02.04	00:46:54.451	155.749	155.783			6
2026.02.04	00:46:55.579	155.748	155.782			6
2026.02.04	00:46:56.578	155.751	155.783			6
2026.02.04	00:46:58.316		155.782			4
2026.02.04	00:46:59.064	155.749				2
2026.02.04	00:47:00.458	155.749				2
2026.02.04	00:47:01.602	155.751				2
2026.02.04	00:47:02.526	155.750				2
2026.02.04	00:47:02.901	155.723	155.789			6
2026.02.04	00:47:06.002	155.722	155.788			6
2026.02.04	00:47:06.621	155.750	155.782			6
2026.02.04	00:47:09.263	155.751				2
2026.02.04	00:47:16.570	155.750				2
2026.02.04	00:47:18.415		155.781			4
2026.02.04	00:47:22.505	155.751	155.782			6
2026.02.04	00:47:23.408		155.783			4
2026.02.04	00:47:52.069	155.752				2
2026.02.04	00:47:53.408	155.751	155.784			6
2026.02.04	00:48:04.013	155.751				2
2026.02.04	00:48:06.570	155.750	155.781			6
2026.02.04	00:48:11.408	155.751	155.783			6
2026.02.04	00:48:46.569		155.781			4
2026.02.04	00:48:50.714		155.784			4
2026.02.04	00:48:52.071	155.752	155.782			6
2026.02.04	00:48:53.149		155.783			4
2026.02.04	00:48:54.112	155.751				2
2026.02.04	00:48:56.216		155.784			4
2026.02.04	00:49:00.076	155.751	155.783			6
2026.02.04	00:49:02.813		155.784			4
2026.02.04	00:49:08.071		155.783			4
2026.02.04	00:49:12.368		155.784			4
2026.02.04	00:49:26.213		155.783			4
2026.02.04	00:49:28.868		155.784			4
2026.02.04	00:49:39.274	155.750				2
2026.02.04	00:49:57.558		155.785			4
2026.02.04	00:50:02.079	155.750				2
2026.02.04	00:50:03.079		155.783			4
2026.02.04	00:50:04.295		155.784			4
2026.02.04	00:50:24.712	155.753				2
2026.02.04	00:50:25.176	155.750				2
2026.02.04	00:50:25.515	155.753				2
2026.02.04	00:50:25.843	155.750				2
2026.02.04	00:50:26.158	155.753				2
2026.02.04	00:50:26.494	155.750				2
2026.02.04	00:50:26.827	155.753				2
2026.02.04	00:50:27.156	155.750				2
2026.02.04	00:50:27.479	155.753				2
2026.02.04	00:50:27.810	155.750				2
2026.02.04	00:50:28.114	155.753	155.783			6
2026.02.04	00:50:28.474	155.750				2
2026.02.04	00:50:46.568		155.782			4
2026.02.04	00:50:48.155		155.780			4
2026.02.04	00:50:50.476		155.785			4
2026.02.04	00:50:51.797		155.783			4
2026.02.04	00:50:52.803		155.785			4
2026.02.04	00:51:01.930	155.750				2
2026.02.04	00:51:56.568		155.784			4
2026.02.04	00:52:04.912	155.750				2
2026.02.04	00:52:06.211	155.749				2
2026.02.04	00:52:06.569		155.786			4
2026.02.04	00:52:26.566		155.784			4
2026.02.04	00:52:35.513		155.785			4
2026.02.04	00:52:36.568		155.786			4
2026.02.04	00:52:50.773		155.784			4
2026.02.04	00:52:56.561		155.783			4
2026.02.04	00:53:00.011	155.749				2
2026.02.04	00:53:05.912		155.785			4
2026.02.04	00:53:29.146		155.783			4
2026.02.04	00:53:36.561		155.784			4
2026.02.04	00:53:40.419	155.753	155.783			6
2026.02.04	00:53:49.233	155.746				2
2026.02.04	00:53:51.928	155.749	155.785			6
2026.02.04	00:53:55.230	155.750				2
2026.02.04	00:53:58.864		155.786			4
2026.02.04	00:54:00.171	155.750				2
2026.02.04	00:54:01.999	155.749	155.784			6
2026.02.04	00:54:06.093		155.785			4
2026.02.04	00:54:07.774		155.784			4
2026.02.04	00:54:56.566		155.783			4
2026.02.04	00:54:58.952		155.784			4
2026.02.04	00:55:00.317	155.749				2
2026.02.04	00:55:01.165	155.748				2
2026.02.04	00:55:11.353	155.749				2
2026.02.04	00:55:36.099	155.748	155.785			6
2026.02.04	00:55:45.099	155.749	155.786			6
2026.02.04	00:56:00.475	155.749				2
2026.02.04	00:56:08.388	155.748	155.787			6
2026.02.04	00:56:16.561	155.746				2
2026.02.04	00:56:19.378	155.745				2
2026.02.04	00:56:26.562	155.747				2
2026.02.04	00:56:29.393	155.748				2
2026.02.04	00:56:41.923	155.745	155.785			6
2026.02.04	00:56:42.596	155.746				2
2026.02.04	00:56:43.125	155.745				2
2026.02.04	00:56:45.168	155.746				2
2026.02.04	00:56:49.465	155.750				2
2026.02.04	00:56:53.749	155.749				2
2026.02.04	00:57:01.479	155.749				2
2026.02.04	00:57:04.593	155.748				2
2026.02.04	00:57:16.568	155.749				2
2026.02.04	00:57:27.112	155.750				2
2026.02.04	00:57:36.568	155.747				2
2026.02.04	00:57:43.623		155.785			4
2026.02.04	00:57:46.172	155.745				2
2026.02.04	00:57:47.104	155.744	155.784			6
2026.02.04	00:57:47.488	155.746				2
2026.02.04	00:57:49.393	155.748				2
2026.02.04	00:57:51.540	155.749	155.783			6
2026.02.04	00:57:54.450	155.748				2
2026.02.04	00:57:56.572	155.749				2
2026.02.04	00:58:00.400	155.749	155.784			6
2026.02.04	00:58:01.194	155.748				2
2026.02.04	00:58:02.975	155.749				2
2026.02.04	00:58:04.058	155.747				2
2026.02.04	00:58:22.943	155.748				2
2026.02.04	00:58:26.568	155.747				2
2026.02.04	00:58:28.537	155.745				2
2026.02.04	00:58:32.808	155.747				2
2026.02.04	00:58:34.905	155.748	155.785			6
2026.02.04	00:58:41.513	155.749				2
2026.02.04	00:58:45.210	155.743				2
2026.02.04	00:58:45.518		155.786			4
2026.02.04	00:58:45.941	155.744				2
2026.02.04	00:58:46.589	155.743	155.784			6
2026.02.04	00:58:52.210	155.749				2
2026.02.04	00:58:55.613	155.750				2
2026.02.04	00:58:58.833		155.783			4
2026.02.04	00:59:00.398	155.750				2
2026.02.04	00:59:01.590		155.784			4
2026.02.04	00:59:01.996		155.783			4
2026.02.04	00:59:03.110	155.749	155.784			6
2026.02.04	00:59:07.913	155.750				2
2026.02.04	00:59:11.236	155.746	155.782			6
2026.02.04	00:59:19.401	155.747				2
2026.02.04	00:59:27.140	155.752				2
2026.02.04	01:00:56.363	155.708	155.731			6
2026.02.04	01:00:57.375		155.727			4
2026.02.04	01:00:58.336		155.725			4
2026.02.04	01:00:58.645		155.731			4
2026.02.04	01:00:59.199		155.725			4
2026.02.04	01:01:00.308	155.713	155.714			6
2026.02.04	01:01:01.217	155.714	155.715			6
2026.02.04	01:01:02.761	155.713	155.714			6
2026.02.04	01:01:04.611	155.714	155.715			6
2026.02.04	01:01:12.571	155.713	155.714			6
2026.02.04	01:01:14.106	155.712	155.713			6
2026.02.04	01:01:14.720	155.715	155.716			6
2026.02.04	01:01:15.031	155.716	155.717			6
2026.02.04	01:01:15.338	155.717	155.718			6
2026.02.04	01:01:17.782	155.716	155.717			6
2026.02.04	01:01:23.040	155.715	155.716			6
2026.02.04	01:01:23.351	155.716	155.717			6
2026.02.04	01:01:24.272	155.715	155.716			6
2026.02.04	01:01:28.276	155.714	155.715			6
2026.02.04	01:01:31.039	155.715	155.716			6
2026.02.04	01:01:31.956	155.714	155.715			6
2026.02.04	01:01:34.414	155.713	155.714			6
2026.02.04	01:01:34.716	155.714	155.715			6
2026.02.04	01:01:35.331	155.713	155.714			6
2026.02.04	01:01:39.008	155.711	155.712			6
2026.02.04	01:01:40.860	155.712	155.713			6
2026.02.04	01:01:41.469	155.711	155.712			6
2026.02.04	01:01:41.777	155.712	155.713			6
2026.02.04	01:01:43.012	155.711	155.712			6
2026.02.04	01:01:43.623	155.710	155.711			6
2026.02.04	01:01:44.538	155.711	155.712			6
2026.02.04	01:01:44.854	155.710	155.711			6
2026.02.04	01:01:47.297	155.709	155.710			6
2026.02.04	01:01:47.599	155.710	155.711			6
2026.02.04	01:01:47.913	155.709	155.710			6
2026.02.04	01:01:51.911	155.711	155.712			6
2026.02.04	01:01:52.216	155.713	155.714			6
2026.02.04	01:01:54.371	155.714	155.715			6
2026.02.04	01:01:54.980	155.713	155.714			6
2026.02.04	01:02:00.215	155.712	155.713			6
2026.02.04	01:02:00.524	155.713	155.714			6
2026.02.04	01:02:00.830	155.712	155.713			6
2026.02.04	01:02:01.131	155.713	155.714			6
2026.02.04	01:02:02.355	155.712	155.713			6
2026.02.04	01:02:02.665	155.713	155.714			6
2026.02.04	01:02:02.967	155.712	155.713			6
2026.02.04	01:02:04.201	155.713	155.714			6
2026.02.04	01:02:11.554	155.712	155.713			6
2026.02.04	01:02:13.701	155.711	155.712			6
2026.02.04	01:02:14.011	155.712	155.713			6
2026.02.04	01:02:15.555	155.711	155.712			6
2026.02.04	01:02:16.783	155.712	155.713			6
2026.02.04	01:02:17.096	155.711	155.712			6
2026.02.04	01:02:17.708	155.710	155.711			6
2026.02.04	01:02:18.021	155.709	155.710			6
2026.02.04	01:02:35.561	155.708	155.709			6
2026.02.04	01:02:36.170	155.710	155.711			6
2026.02.04	01:02:36.475	155.711	155.712			6
2026.02.04	01:02:47.265	155.710	155.711			6
2026.02.04	01:02:47.573	155.714	155.715			6
2026.02.04	01:02:50.947	155.711	155.712			6
2026.02.04	01:02:51.254	155.709	155.710			6
2026.02.04	01:02:51.565	155.708	155.709			6
2026.02.04	01:02:51.873	155.711	155.712			6
2026.02.04	01:02:52.178	155.712	155.713			6
2026.02.04	01:02:52.789	155.713	155.714			6
2026.02.04	01:03:00.137	155.713				2
2026.02.04	01:03:00.446	155.714	155.715			6
2026.02.04	01:03:01.360	155.715	155.716			6
2026.02.04	01:03:15.185	155.713	155.714			6
2026.02.04	01:03:21.309	155.720	155.721			6
2026.02.04	01:03:33.288	155.725	155.726			6
2026.02.04	01:03:33.598	155.726	155.727			6
2026.02.04	01:03:34.205	155.725	155.726			6
2026.02.04	01:03:35.126	155.724	155.725			6
2026.02.04	01:04:00.036	155.724				2
2026.02.04	01:04:10.178	155.723	155.724			6
2026.02.04	01:04:10.793	155.719	155.720			6
2026.02.04	01:04:11.107	155.697	155.698			6
2026.02.04	01:04:11.723	155.696	155.697			6
2026.02.04	01:04:12.025	155.694	155.695			6
2026.02.04	01:04:12.332	155.695	155.698			6
2026.02.04	01:04:12.647	155.694	155.697			6
2026.02.04	01:04:13.269		155.696			4
2026.02.04	01:04:13.890	155.693	155.695			6
2026.02.04	01:04:14.444	155.699	155.700			6
2026.02.04	01:04:15.074		155.701			4
2026.02.04	01:04:15.697	155.700	155.702			6
2026.02.04	01:04:16.622	155.699	155.701			6
2026.02.04	01:04:17.544	155.702	155.704			6
2026.02.04	01:04:17.849	155.703	155.705			6
2026.02.04	01:04:19.095	155.702				2
2026.02.04	01:04:20.338		155.704			4
2026.02.04	01:04:20.955	155.707	155.708			6
2026.02.04	01:04:21.570	155.708	155.709			6
2026.02.04	01:04:22.187	155.710	155.711			6
2026.02.04	01:04:24.048	155.709	155.710			6
2026.02.04	01:04:33.936	155.707	155.708			6
2026.02.04	01:04:40.742	155.705	155.707			6
2026.02.04	01:04:41.666	155.706	155.708			6
2026.02.04	01:04:43.821	155.705	155.707			6
2026.02.04	01:04:44.436	155.706				2
2026.02.04	01:04:44.742	155.707	155.708			6
2026.02.04	01:04:51.190	155.708	155.709			6
2026.02.04	01:04:51.492	155.709	155.710			6
2026.02.04	01:04:54.880	155.708	155.709			6
2026.02.04	01:04:58.251	155.709	155.710			6
2026.02.04	01:04:59.172	155.710	155.711			6
2026.02.04	01:04:59.478	155.711	155.712			6
2026.02.04	01:05:00.092	155.711				2
2026.02.04	01:05:09.902	155.712	155.713			6
2026.02.04	01:05:10.212	155.721	155.722			6
2026.02.04	01:05:13.875	155.722	155.723			6
2026.02.04	01:05:15.405	155.721	155.722			6
2026.02.04	01:05:16.633	155.722	155.723			6
2026.02.04	01:05:17.247	155.721	155.722			6
2026.02.04	01:05:25.544	155.722	155.723			6
2026.02.04	01:05:26.772	155.721	155.722			6
2026.02.04	01:05:31.055	155.720	155.721			6
2026.02.04	01:05:31.360	155.718	155.719			6
2026.02.04	01:05:33.199	155.714	155.715			6
2026.02.04	01:05:33.502	155.713	155.714			6
2026.02.04	01:05:33.808	155.712	155.713			6
2026.02.04	01:05:34.116	155.713	155.714			6
2026.02.04	01:05:34.425	155.714	155.715			6
2026.02.04	01:05:45.162	155.715	155.716			6
2026.02.04	01:05:46.084	155.714	155.715			6
2026.02.04	01:05:46.393	155.715	155.716			6
2026.02.04	01:05:47.015	155.716	155.717			6
2026.02.04	01:05:47.323	155.715	155.716			6
2026.02.04	01:05:59.697	155.716	155.717			6
2026.02.04	01:06:00.001	155.716				2
2026.02.04	01:06:00.312	155.715	155.716			6
2026.02.04	01:06:00.617	155.716	155.717			6
2026.02.04	01:06:01.228	155.715	155.716			6
2026.02.04	01:06:09.848	155.714	155.715			6
2026.02.04	01:06:10.788	155.715	155.716			6
2026.02.04	01:06:11.397	155.714	155.715			6
2026.02.04	01:06:13.890	155.715	155.716			6
2026.02.04	01:06:14.816	155.714	155.715			6
2026.02.04	01:06:20.368	155.712	155.713			6
2026.02.04	01:06:20.689	155.710	155.711			6
2026.02.04	01:06:27.784	155.709	155.710			6
2026.02.04	01:06:28.090	155.710	155.711			6
2026.02.04	01:06:28.398	155.709	155.710			6
2026.02.04	01:06:29.332	155.710	155.711			6
2026.02.04	01:06:30.862	155.709	155.710			6
2026.02.04	01:06:33.640	155.710	155.711			6
2026.02.04	01:06:35.791	155.728	155.729			6
2026.02.04	01:06:36.094	155.729	155.730			6
2026.02.04	01:06:36.398	155.728	155.729			6
2026.02.04	01:06:37.008	155.729	155.730			6
2026.02.04	01:06:37.317	155.728				2
2026.02.04	01:06:40.408	155.729	155.731			6
2026.02.04	01:06:40.714		155.730			4
2026.02.04	01:06:46.915	155.731	155.733			6
2026.02.04	01:06:47.225	155.732				2
2026.02.04	01:06:50.612	155.737	155.738			6
2026.02.04	01:07:00.180	155.737				2
2026.02.04	01:07:01.109	155.736	155.737			6
2026.02.04	01:07:03.265	155.737	155.738			6
2026.02.04	01:07:06.365	155.736	155.737			6
2026.02.04	01:07:10.396	155.739	155.740			6
2026.02.04	01:07:12.885	155.740	155.741			6
2026.02.04	01:07:14.411	155.739	155.740			6
2026.02.04	01:07:16.256	155.752	155.753			6
2026.02.04	01:07:16.566	155.753	155.754			6
2026.02.04	01:07:17.173	155.751	155.753			6
2026.02.04	01:07:19.356	155.752	155.754			6
2026.02.04	01:07:20.303		155.753			4
2026.02.04	01:07:23.417	155.751	155.752			6
2026.02.04	01:07:23.725	155.752	155.753			6
2026.02.04	01:07:28.075	155.753	155.754			6
2026.02.04	01:07:45.017	155.752	155.753			6
2026.02.04	01:07:47.192	155.753	155.754			6
2026.02.04	01:07:54.863	155.759	155.760			6
2026.02.04	01:07:56.435	155.769	155.770			6
2026.02.04	01:07:56.740	155.783	155.784			6
2026.02.04	01:07:57.356		155.785			4
2026.02.04	01:07:57.677		155.784			4
2026.02.04	01:07:58.613	155.784	155.785			6
2026.02.04	01:07:59.224	155.790	155.791			6
2026.02.04	01:07:59.541	155.788	155.789			6
2026.02.04	01:08:00.178	155.788	155.790			6
2026.02.04	01:08:01.746	155.789				2
2026.02.04	01:08:02.682	155.773	155.777			6
2026.02.04	01:08:03.313		155.778			4
2026.02.04	01:08:03.620	155.772	155.777			6
2026.02.04	01:08:05.186	155.779	155.780			6
2026.02.04	01:08:13.034	155.775				2
2026.02.04	01:08:13.338	155.758	155.763			6
2026.02.04	01:08:13.656	155.757	155.762			6
2026.02.04	01:08:13.972	155.756	155.761			6
2026.02.04	01:08:14.278	155.755	155.762			6
2026.02.04	01:08:14.905	155.761				2
2026.02.04	01:08:15.238	155.754	155.761			6
2026.02.04	01:08:15.556	155.761	155.762			6
2026.02.04	01:08:15.866	155.754	155.761			6
2026.02.04	01:08:16.185	155.761	155.762			6
2026.02.04	01:08:16.492	155.754	155.761			6
2026.02.04	01:08:16.794	155.761	155.762			6
2026.02.04	01:08:17.111	155.754	155.761			6
2026.02.04	01:08:17.430	155.761	155.762			6
2026.02.04	01:08:17.748	155.754	155.761			6
2026.02.04	01:08:18.052	155.761	155.762			6
2026.02.04	01:08:18.370	155.754	155.761			6
2026.02.04	01:08:19.296		155.760			4
2026.02.04	01:08:19.919	155.755				2
2026.02.04	01:08:24.941	155.754	155.759			6
2026.02.04	01:08:28.037	155.753	155.758			6
2026.02.04	01:08:28.345	155.752				2
2026.02.04	01:08:28.648	155.751	155.757			6
2026.02.04	01:08:28.951	155.750	155.756			6
2026.02.04	01:08:29.271	155.748	155.754			6
2026.02.04	01:08:29.581	155.746	155.752			6
2026.02.04	01:08:34.253		155.751			4
2026.02.04	01:08:35.509	155.747	155.752			6
2026.02.04	01:08:43.955	155.748	155.753			6
2026.02.04	01:08:47.374		155.752			4
2026.02.04	01:08:59.192	155.749				2
2026.02.04	01:09:00.135	155.749				2
2026.02.04	01:09:05.452	155.750	155.753			6
2026.02.04	01:09:06.710	155.751	155.754			6
2026.02.04	01:09:07.018	155.750	155.753			6
2026.02.04	01:09:11.355	155.751				2
2026.02.04	01:09:12.289	155.750	155.752			6
2026.02.04	01:09:12.904	155.751	155.753			6
2026.02.04	01:09:17.516	155.752	155.754			6
2026.02.04	01:09:18.122	155.751	155.753			6
2026.02.04	01:09:20.264	155.752	155.754			6
2026.02.04	01:09:21.184		155.753			4
2026.02.04	01:09:25.788	155.753	155.754			6
2026.02.04	01:09:27.615	155.754	155.755			6
2026.02.04	01:09:34.398	155.755	155.756			6
2026.02.04	01:09:37.457	155.754	155.755			6
2026.02.04	01:09:38.367	155.755	155.756			6
2026.02.04	01:09:38.990	155.754	155.755			6
2026.02.04	01:10:00.216	155.754				2
2026.02.04	01:10:02.980	155.753	155.754			6
2026.02.04	01:10:04.220	155.772	155.775			6
2026.02.04	01:10:05.466	155.773	155.776			6
2026.02.04	01:10:05.768	155.776	155.777			6
2026.02.04	01:10:06.084		155.778			4
2026.02.04	01:10:06.392	155.774	155.777			6
2026.02.04	01:10:09.219		155.776			4
2026.02.04	01:10:09.524		155.775			4
2026.02.04	01:10:10.770	155.773				2
2026.02.04	01:10:12.341		155.774			4
2026.02.04	01:10:23.850	155.772	155.773			6
2026.02.04	01:10:25.693	155.773	155.774			6
2026.02.04	01:10:34.893	155.772	155.773			6
2026.02.04	01:10:48.760	155.773	155.774			6
2026.02.04	01:10:51.517	155.774	155.775			6
2026.02.04	01:10:52.132	155.775	155.776			6
2026.02.04	01:10:53.974	155.777	155.778			6
2026.02.04	01:10:54.276	155.775	155.776			6
2026.02.04	01:10:54.880	155.777	155.778			6
2026.02.04	01:10:55.187	155.775	155.776			6
2026.02.04	01:10:55.801	155.777	155.778			6
2026.02.04	01:10:56.111	155.775	155.776			6
2026.02.04	01:10:57.023	155.777	155.778			6
2026.02.04	01:10:57.324	155.775	155.776			6
2026.02.04	01:10:59.475	155.776	155.777			6
2026.02.04	01:11:00.088	155.776				2
2026.02.04	01:11:03.182	155.774	155.775			6
2026.02.04	01:11:20.360	155.775	155.776			6
2026.02.04	01:11:20.663	155.774	155.775			6
2026.02.04	01:11:25.566	155.772	155.773			6
2026.02.04	01:11:48.478	155.773	155.774			6
2026.02.04	01:11:51.850	155.772	155.773			6
2026.02.04	01:11:53.091	155.775	155.776			6
2026.02.04	01:11:53.393	155.774	155.775			6
2026.02.04	01:11:57.743	155.772	155.773			6
2026.02.04	01:12:00.195	155.774	155.775			6
2026.02.04	01:12:01.762	155.779	155.780			6
2026.02.04	01:12:02.070	155.780	155.781			6
2026.02.04	01:12:15.384	155.779	155.780			6
2026.02.04	01:12:17.902	155.780	155.781			6
2026.02.04	01:12:37.756	155.781	155.782			6
2026.02.04	01:12:38.675	155.780	155.781			6
2026.02.04	01:12:40.543	155.781	155.782			6
2026.02.04	01:12:49.163	155.780	155.781			6
2026.02.04	01:12:50.108	155.779	155.780			6
2026.02.04	01:12:55.089	155.781	155.782			6
2026.02.04	01:12:55.402	155.780	155.781			6
2026.02.04	01:12:57.292	155.784	155.785			6
2026.02.04	01:12:57.595	155.783	155.784			6
2026.02.04	01:12:58.537	155.784	155.785			6
2026.02.04	01:12:58.842	155.785	155.786			6
2026.02.04	01:12:59.147	155.784	155.785			6
2026.02.04	01:13:00.081	155.784				2
2026.02.04	01:13:09.180	155.783	155.784			6
2026.02.04	01:13:09.485	155.782	155.783			6
2026.02.04	01:13:10.403	155.781	155.782			6
2026.02.04	01:13:20.073	155.782	155.783			6
2026.02.04	01:13:23.758	155.781	155.782			6
2026.02.04	01:13:30.631	155.783	155.784			6
2026.02.04	01:13:30.932	155.782	155.783			6
2026.02.04	01:13:33.124	155.783	155.784			6
2026.02.04	01:13:33.740	155.782	155.783			6
2026.02.04	01:13:39.662	155.783	155.784			6
2026.02.04	01:13:43.644	155.782	155.783			6
2026.02.04	01:13:45.198	155.784	155.785			6
2026.02.04	01:13:47.381	155.785	155.786			6
2026.02.04	01:13:50.437	155.788	155.789			6
2026.02.04	01:13:51.669	155.789	155.790			6
2026.02.04	01:13:52.283	155.788	155.789			6
2026.02.04	01:13:55.700	155.789	155.790			6
2026.02.04	01:13:58.155	155.788	155.789			6
2026.02.04	01:13:59.092	155.789	155.790			6
2026.02.04	01:13:59.712	155.788	155.789			6
2026.02.04	01:14:00.020	155.788				2
2026.02.04	01:14:00.330	155.790	155.791			6
2026.02.04	01:14:00.644	155.789	155.790			6
2026.02.04	01:14:01.571	155.788	155.789			6
2026.02.04	01:14:01.876	155.789	155.790			6
2026.02.04	01:14:04.937	155.788	155.789			6
2026.02.04	01:14:08.047	155.789	155.790			6
2026.02.04	01:14:12.047	155.788	155.789			6
2026.02.04	01:14:14.533	155.789	155.790			6
2026.02.04	01:14:21.892	155.788	155.789			6
2026.02.04	01:14:25.618	155.789	155.790			6
2026.02.04	01:14:25.927	155.788	155.789			6
2026.02.04	01:14:30.264	155.789	155.790			6
2026.02.04	01:14:45.704	155.788	155.789			6
2026.02.04	01:14:59.299	155.789	155.790			6
2026.02.04	01:15:00.220	155.788	155.789			6
2026.02.04	01:15:00.533	155.789	155.790			6
2026.02.04	01:15:20.647	155.784	155.785			6
2026.02.04	01:15:20.950	155.781	155.782			6
2026.02.04	01:15:21.271	155.780	155.781			6
2026.02.04	01:15:22.192	155.779	155.780			6
2026.02.04	01:15:22.812	155.780	155.781			6
2026.02.04	01:15:53.483	155.791	155.792			6
2026.02.04	01:15:53.787	155.792	155.793			6
2026.02.04	01:15:55.630	155.793	155.794			6
2026.02.04	01:15:55.944	155.794	155.795			6
2026.02.04	01:15:56.249	155.817	155.818			6
2026.02.04	01:15:57.177	155.815	155.822			6
2026.02.04	01:15:58.420		155.823			4
2026.02.04	01:16:00.285	155.815	155.821			6
2026.02.04	01:16:01.231	155.814	155.819			6
2026.02.04	01:16:01.548		155.818			4
2026.02.04	01:16:01.854	155.813				2
2026.02.04	01:16:03.097		155.817			4
2026.02.04	01:16:04.347	155.815	155.819			6
2026.02.04	01:16:04.658		155.822			4
2026.02.04	01:16:05.586	155.816	155.823			6
2026.02.04	01:16:05.889	155.815	155.822			6
2026.02.04	01:16:08.355	155.816	155.823			6
2026.02.04	01:16:11.145	155.815	155.822			6
2026.02.04	01:16:12.389		155.821			4
2026.02.04	01:16:13.316		155.822			4
2026.02.04	01:16:14.553	155.816	155.823			6
2026.02.04	01:16:16.101		155.822			4
2026.02.04	01:16:27.254	155.817				2
2026.02.04	01:16:29.107	155.815	155.820			6
2026.02.04	01:16:38.346		155.819			4
2026.02.04	01:16:41.748	155.817	155.821			6
2026.02.04	01:16:46.069	155.815	155.819			6
2026.02.04	01:16:46.998	155.816				2
2026.02.04	01:16:48.853	155.817				2
2026.02.04	01:16:57.823	155.816				2
2026.02.04	01:16:59.386		155.818			4
2026.02.04	01:17:00.307	155.816				2
2026.02.04	01:17:03.068	155.817				2
2026.02.04	01:17:08.608	155.818	155.819			6
2026.02.04	01:17:09.221	155.819	155.820			6
2026.02.04	01:17:10.769	155.818	155.819			6
2026.02.04	01:17:18.154	155.819	155.820			6
2026.02.04	01:17:45.750	155.820	155.821			6
2026.02.04	01:17:46.363	155.819	155.820			6
2026.02.04	01:17:52.530	155.820	155.821			6
2026.02.04	01:17:52.842	155.821	155.822			6
2026.02.04	01:17:53.147	155.820	155.821			6
2026.02.04	01:17:54.381	155.819	155.820			6
2026.02.04	01:17:55.932	155.820	155.821			6
2026.02.04	01:18:00.239	155.820				2
2026.02.04	01:18:01.482	155.819	155.820			6
2026.02.04	01:18:02.701	155.820	155.821			6
2026.02.04	01:18:04.247	155.819	155.820			6
2026.02.04	01:18:04.558	155.820	155.821			6
2026.02.04	01:18:09.167	155.821	155.822			6
2026.02.04	01:18:10.093	155.820	155.821			6
2026.02.04	01:18:12.845	155.822	155.823			6
2026.02.04	01:18:13.148	155.832	155.833			6
2026.02.04	01:18:13.760	155.840	155.841			6
2026.02.04	01:18:15.895	155.839	155.840			6
2026.02.04	01:18:16.209	155.838	155.839			6
2026.02.04	01:18:19.275	155.837	155.838			6
2026.02.04	01:18:19.588	155.836	155.837			6
2026.02.04	01:18:22.964	155.838	155.839			6
2026.02.04	01:18:23.275	155.839	155.840			6
2026.02.04	01:18:23.889	155.840	155.841			6
2026.02.04	01:18:55.640	155.841	155.842			6
2026.02.04	01:19:00.287	155.841				2
2026.02.04	01:19:05.598	155.840	155.841			6
2026.02.04	01:19:40.157	155.841	155.842			6
2026.02.04	01:19:41.379	155.843	155.844			6
2026.02.04	01:19:41.688	155.845	155.846			6
2026.02.04	01:19:53.804	155.843	155.844			6
2026.02.04	01:19:55.050	155.845	155.846			6
2026.02.04	01:20:00.039	155.845				2
2026.02.04	01:20:00.346	155.846	155.847			6
2026.02.04	01:20:07.834	155.850	155.851			6
2026.02.04	01:20:14.382	155.849	155.850			6
2026.02.04	01:20:15.310	155.850	155.851			6
2026.02.04	01:20:16.237	155.849	155.850			6
2026.02.04	01:20:24.290	155.850	155.851			6
2026.02.04	01:20:25.850	155.849	155.850			6
2026.02.04	01:20:33.947	155.847	155.848			6
2026.02.04	01:20:34.263	155.840	155.841			6
2026.02.04	01:20:36.151	155.839	155.840			6
2026.02.04	01:20:36.456	155.833	155.834			6
2026.02.04	01:20:36.760	155.832	155.833			6
2026.02.04	01:20:37.384	155.831	155.832			6
2026.02.04	01:20:48.845	155.832	155.833			6
2026.02.04	01:20:51.020	155.831	155.832			6
2026.02.04	01:20:51.325	155.832	155.833			6
2026.02.04	01:20:51.632	155.831	155.832			6
2026.02.04	01:20:51.940	155.832	155.833			6
2026.02.04	01:20:52.555	155.830	155.831			6
2026.02.04	01:20:55.025	155.831	155.832			6
2026.02.04	01:20:55.949	155.832	155.833			6
2026.02.04	01:21:00.267	155.832				2
2026.02.04	01:21:05.224	155.831	155.832			6
2026.02.04	01:21:09.265	155.832	155.833			6
2026.02.04	01:21:10.505	155.831	155.832			6
2026.02.04	01:21:20.138	155.832	155.833			6
2026.02.04	01:21:20.458	155.831	155.832			6
2026.02.04	01:21:20.775	155.832	155.833			6
2026.02.04	01:21:22.642	155.831	155.832			6
2026.02.04	01:21:23.580	155.832	155.833			6
2026.02.04	01:21:43.793	155.831	155.832			6
2026.02.04	01:21:44.098	155.832	155.833			6
2026.02.04	01:21:50.611	155.831	155.832			6
2026.02.04	01:21:53.416	155.832	155.833			6
2026.02.04	01:22:00.229	155.832				2
2026.02.04	01:22:05.200	155.834	155.835			6
2026.02.04	01:22:05.510	155.833	155.834			6
2026.02.04	01:22:20.403	155.832	155.833			6
2026.02.04	01:22:25.964	155.831	155.832			6
2026.02.04	01:22:26.892	155.832	155.833			6
2026.02.04	01:22:28.438	155.831	155.832			6
2026.02.04	01:22:29.371	155.832	155.833			6
2026.02.04	01:22:30.909	155.831	155.832			6
2026.02.04	01:22:31.223	155.832	155.833			6
2026.02.04	01:22:40.504	155.831	155.832			6
2026.02.04	01:22:49.845	155.830	155.831			6
2026.02.04	01:22:53.579	155.831	155.832			6
2026.02.04	01:22:53.889	155.830	155.831			6
2026.02.04	01:22:57.297	155.831	155.832			6
2026.02.04	01:23:00.089	155.831				2
2026.02.04	01:23:00.395	155.832	155.833			6
2026.02.04	01:23:01.331	155.831	155.832			6
2026.02.04	01:23:14.048	155.832	155.833			6
2026.02.04	01:23:15.924	155.833	155.834			6
2026.02.04	01:23:16.233	155.832	155.833			6
2026.02.04	01:23:23.661	155.833	155.834			6
2026.02.04	01:23:28.025	155.832	155.833			6
2026.02.04	01:23:28.332	155.833	155.834			6
2026.02.04	01:23:28.946	155.832	155.833			6
2026.02.04	01:23:29.874	155.831	155.832			6
2026.02.04	01:23:30.183	155.832	155.833			6
2026.02.04	01:23:32.048	155.831	155.832			6
2026.02.04	01:23:32.362	155.832	155.833			6
2026.02.04	01:23:37.309	155.831	155.832			6
2026.02.04	01:23:37.620	155.832	155.833			6
2026.02.04	01:23:40.719	155.831	155.832			6
2026.02.04	01:23:42.579	155.832	155.833			6
2026.02.04	01:23:43.814	155.831	155.832			6
2026.02.04	01:23:44.437	155.832	155.833			6
2026.02.04	01:23:44.743	155.831	155.832			6
2026.02.04	01:23:46.909	155.832	155.833			6
2026.02.04	01:23:47.215	155.831	155.832			6
2026.02.04	01:23:48.768	155.827	155.828			6
2026.02.04	01:23:49.379	155.829	155.830			6
2026.02.04	01:23:49.686	155.827	155.828			6
2026.02.04	01:23:50.004	155.828	155.829			6
2026.02.04	01:23:50.309	155.827	155.828			6
2026.02.04	01:23:50.620	155.828	155.829			6
2026.02.04	01:23:50.926	155.827	155.828			6
2026.02.04	01:23:51.235	155.829	155.830			6
2026.02.04	01:23:51.543	155.827	155.828			6
2026.02.04	01:23:51.847	155.828	155.829			6
2026.02.04	01:23:52.166	155.827	155.828			6
2026.02.04	01:23:52.473	155.828	155.829			6
2026.02.04	01:24:00.217	155.828				2
2026.02.04	01:24:00.838	155.827	155.828			6
2026.02.04	01:24:02.380	155.833	155.834			6
2026.02.04	01:24:03.004	155.832	155.833			6
2026.02.04	01:24:28.248	155.843	155.844			6
2026.02.04	01:24:28.563	155.846	155.847			6
2026.02.04	01:24:30.400	155.844	155.846			6
2026.02.04	01:24:31.337	155.843	155.845			6
2026.02.04	01:24:39.395		155.844			4
2026.02.04	01:24:40.937	155.844	155.845			6
2026.02.04	01:24:41.866	155.843	155.844			6
2026.02.04	01:24:45.902	155.842	155.843			6
2026.02.04	01:24:46.830	155.843	155.844			6
2026.02.04	01:24:49.311	155.844	155.845			6
2026.02.04	01:24:50.230	155.843	155.844			6
2026.02.04	01:24:52.708	155.844	155.845			6
2026.02.04	01:24:53.331	155.843	155.844			6
2026.02.04	01:24:57.656	155.842	155.843			6
2026.02.04	01:24:58.280	155.843	155.844			6
2026.02.04	01:25:00.122	155.843				2
2026.02.04	01:25:13.985	155.844	155.845			6
2026.02.04	01:25:15.225	155.839	155.840			6
2026.02.04	01:25:17.391	155.838	155.839			6
2026.02.04	01:25:20.190	155.839	155.840			6
2026.02.04	01:25:22.373	155.840	155.841			6
2026.02.04	01:25:26.990	155.839	155.840			6
2026.02.04	01:25:27.599	155.840	155.841			6
2026.02.04	01:25:29.156	155.839	155.840			6
2026.02.04	01:25:31.314	155.840	155.841			6
2026.02.04	01:25:33.462	155.839	155.840			6
2026.02.04	01:25:35.645	155.840	155.841			6
2026.02.04	01:25:36.562	155.839	155.840			6
2026.02.04	01:25:36.867	155.840	155.841			6
2026.02.04	01:25:37.178	155.839	155.840			6
2026.02.04	01:25:40.263	155.840	155.841			6
2026.02.04	01:25:43.330	155.839	155.840			6
2026.02.04	01:25:44.268	155.840	155.841			6
2026.02.04	01:25:47.043	155.841	155.842			6
2026.02.04	01:25:48.292	155.840	155.841			6
2026.02.04	01:25:57.037	155.841	155.842			6
2026.02.04	01:25:58.272	155.840	155.841			6
2026.02.04	01:25:59.501	155.841	155.842			6
2026.02.04	01:25:59.809	155.842	155.843			6
2026.02.04	01:26:00.123	155.842				2
2026.02.04	01:26:00.744	155.841	155.842			6
2026.02.04	01:26:02.297	155.840	155.841			6
2026.02.04	01:26:03.840	155.839	155.840			6
2026.02.04	01:26:06.305	155.838	155.839			6
2026.02.04	01:26:07.530	155.837	155.838			6
2026.02.04	01:26:08.769	155.836	155.837			6
2026.02.04	01:26:12.496	155.837	155.838			6
2026.02.04	01:26:15.296	155.836	155.837			6
2026.02.04	01:26:15.601	155.837	155.838			6
2026.02.04	01:26:22.424	155.836	155.837			6
2026.02.04	01:26:23.668	155.835	155.836			6
2026.02.04	01:26:23.982	155.834	155.835			6
2026.02.04	01:26:24.288	155.835	155.836			6
2026.02.04	01:26:26.764	155.836	155.837			6
2026.02.04	01:26:31.735	155.837	155.838			6
2026.02.04	01:26:32.653	155.836	155.837			6
2026.02.04	01:26:32.956	155.837	155.838			6
2026.02.04	01:26:37.632	155.836	155.837			6
2026.02.04	01:26:37.941	155.837	155.838			6
2026.02.04	01:26:41.936	155.836	155.837			6
2026.02.04	01:26:42.876	155.844	155.845			6
2026.02.04	01:26:43.191	155.845	155.846			6
2026.02.04	01:26:45.339	155.846	155.847			6
2026.02.04	01:26:47.173	155.845	155.846			6
2026.02.04	01:26:53.376	155.842	155.843			6
2026.02.04	01:27:00.217	155.842				2
2026.02.04	01:27:01.771	155.841	155.842			6
2026.02.04	01:27:02.389	155.842	155.843			6
2026.02.04	01:27:04.238	155.843	155.844			6
2026.02.04	01:27:06.383	155.839	155.840			6
2026.02.04	01:27:15.909	155.838	155.839			6
2026.02.04	01:27:17.441	155.832	155.833			6
2026.02.04	01:27:17.760	155.829	155.830			6
2026.02.04	01:27:23.058	155.828	155.829			6
2026.02.04	01:27:24.306	155.826	155.827			6
2026.02.04	01:27:32.365	155.825	155.826			6
2026.02.04	01:27:37.335	155.826	155.827			6
2026.02.04	01:27:49.682	155.827	155.828			6
2026.02.04	01:27:59.180	155.826	155.827			6
2026.02.04	01:28:00.118	155.826				2
2026.02.04	01:28:08.484	155.824	155.825			6
2026.02.04	01:28:08.792	155.823	155.824			6
2026.02.04	01:28:15.302	155.822	155.823			6
2026.02.04	01:28:16.232	155.823	155.824			6
2026.02.04	01:28:20.551	155.822	155.823			6
2026.02.04	01:28:23.036	155.820	155.821			6
2026.02.04	01:28:28.596	155.823	155.824			6
2026.02.04	01:28:29.227	155.824	155.825			6
2026.02.04	01:28:30.149	155.826	155.827			6
2026.02.04	01:28:30.457	155.827	155.828			6
2026.02.04	01:28:32.936	155.828	155.829			6
2026.02.04	01:28:33.864	155.827	155.828			6
2026.02.04	01:28:38.478	155.826	155.827			6
2026.02.04	01:28:51.806	155.825	155.826			6
2026.02.04	01:28:52.111	155.824	155.825			6
2026.02.04	01:28:53.033	155.820	155.821			6
2026.02.04	01:28:54.877	155.819	155.820			6
2026.02.04	01:28:55.200	155.822	155.823			6
2026.02.04	01:28:55.515	155.823	155.824			6
2026.02.04	01:28:56.762	155.824	155.825			6
2026.02.04	01:28:58.921	155.825	155.826			6
2026.02.04	01:28:59.850	155.826	155.827			6
2026.02.04	01:29:00.153	155.826				2
2026.02.04	01:29:02.629	155.827	155.828			6
2026.02.04	01:29:07.596	155.829	155.830			6
2026.02.04	01:29:08.215	155.828	155.829			6
2026.02.04	01:29:10.077	155.829	155.830			6
2026.02.04	01:29:10.378	155.830	155.831			6
2026.02.04	01:29:12.567	155.832	155.833			6
2026.02.04	01:29:14.420	155.837	155.838			6
2026.02.04	01:29:14.731	155.838	155.839			6
2026.02.04	01:29:15.339	155.836	155.837			6
2026.02.04	01:29:15.643	155.835	155.836			6
2026.02.04	01:29:15.955	155.834	155.835			6
2026.02.04	01:29:16.278	155.833				2
2026.02.04	01:29:17.515	155.834	155.836			6
2026.02.04	01:29:18.148	155.835	155.837			6
2026.02.04	01:29:19.381		155.836			4
2026.02.04	01:29:20.624	155.836	155.837			6
2026.02.04	01:29:20.939	155.837	155.838			6
2026.02.04	01:29:21.868	155.838	155.839			6
2026.02.04	01:29:29.010	155.837	155.838			6
2026.02.04	01:29:32.432	155.832	155.833			6
2026.02.04	01:29:32.744	155.831	155.832			6
2026.02.04	01:29:33.658	155.829	155.830			6
2026.02.04	01:29:33.979	155.826	155.827			6
2026.02.04	01:29:34.285	155.825	155.828			6
2026.02.04	01:29:37.089	155.824	155.826			6
2026.02.04	01:29:39.275		155.825			4
2026.02.04	01:29:43.635	155.825	155.826			6
2026.02.04	01:29:47.090	155.824	155.825			6
2026.02.04	01:29:47.699	155.826	155.827			6
2026.02.04	01:29:48.624		155.828			4
2026.02.04	01:29:49.240		155.827			4
2026.02.04	01:29:51.111	155.830	155.832			6
2026.02.04	01:29:51.433	155.833	155.835			6
2026.02.04	01:29:52.373	155.832				2
2026.02.04	01:29:55.461	155.837	155.840			6
2026.02.04	01:29:55.766	155.836	155.839			6
2026.02.04	01:29:56.391	155.838	155.841			6
2026.02.04	01:30:00.129	155.838				2
2026.02.04	01:30:01.667	155.839	155.842			6
2026.02.04	01:30:03.546	155.838	155.841			6
2026.02.04	01:30:04.797	155.837	155.840			6
2026.02.04	01:30:05.739	155.838	155.841			6
2026.02.04	01:30:06.055	155.837	155.840			6
2026.02.04	01:30:06.362	155.838	155.841			6
2026.02.04	01:30:07.288	155.839	155.840			6
2026.02.04	01:30:07.593	155.838				2
2026.02.04	01:30:09.155	155.840	155.842			6
2026.02.04	01:30:11.954	155.839	155.840			6
2026.02.04	01:30:13.197	155.838	155.839			6
2026.02.04	01:30:14.142		155.840			4
2026.02.04	01:30:15.371	155.845	155.846			6
2026.02.04	01:30:15.988	155.844	155.845			6
2026.02.04	01:30:16.294	155.845	155.846			6
2026.02.04	01:30:17.232	155.846	155.847			6
2026.02.04	01:30:17.539	155.845	155.846			6
2026.02.04	01:30:19.399		155.848			4
2026.02.04	01:30:19.717		155.849			4
2026.02.04	01:30:20.025		155.848			4
2026.02.04	01:30:20.640		155.846			4
2026.02.04	01:30:22.215	155.844				2
2026.02.04	01:30:27.184	155.846	155.847			6
2026.02.04	01:30:27.808	155.845	155.846			6
2026.02.04	01:30:28.434	155.846	155.847			6
2026.02.04	01:30:28.738	155.845	155.846			6
2026.02.04	01:30:30.935	155.844				2
2026.02.04	01:30:31.243		155.845			4
2026.02.04	01:30:31.562		155.846			4
2026.02.04	01:30:31.870		155.845			4
2026.02.04	01:30:37.496	155.845	155.846			6
2026.02.04	01:30:41.249	155.844	155.845			6
2026.02.04	01:30:49.256	155.845	155.846			6
2026.02.04	01:30:52.008	155.844	155.845			6
2026.02.04	01:30:55.377	155.845	155.846			6
2026.02.04	01:30:57.536	155.844	155.845			6
2026.02.04	01:30:59.078	155.845	155.846			6
2026.02.04	01:31:00.303	155.845				2
2026.02.04	01:31:05.218	155.844	155.845			6
2026.02.04	01:31:26.699	155.840	155.841			6
2026.02.04	01:31:27.309	155.841	155.842			6
2026.02.04	01:31:27.929	155.843	155.844			6
2026.02.04	01:31:28.548	155.844	155.845			6
2026.02.04	01:31:32.236	155.843	155.844			6
2026.02.04	01:31:32.538	155.844	155.845			6
2026.02.04	01:31:39.043	155.843	155.844			6
2026.02.04	01:31:43.692	155.842	155.843			6
2026.02.04	01:31:43.996	155.841	155.842			6
2026.02.04	01:31:52.363	155.840	155.841			6
2026.02.04	01:31:53.303	155.841	155.842			6
2026.02.04	01:31:58.521	155.843	155.844			6
2026.02.04	01:31:58.830	155.844	155.845			6
2026.02.04	01:32:00.071	155.844				2
2026.02.04	01:32:21.172	155.856	155.857			6
2026.02.04	01:32:22.114	155.855	155.859			6
2026.02.04	01:32:24.294		155.858			4
2026.02.04	01:32:29.260	155.847	155.851			6
2026.02.04	01:32:29.580	155.840	155.844			6
2026.02.04	01:32:29.891		155.843			4
2026.02.04	01:32:30.202		155.844			4
2026.02.04	01:32:30.516	155.839				2
2026.02.04	01:32:31.136		155.846			4
2026.02.04	01:32:31.842	155.840				2
2026.02.04	01:32:32.151	155.838	155.843			6
2026.02.04	01:32:32.469	155.837				2
2026.02.04	01:32:33.108	155.838				2
2026.02.04	01:32:36.694	155.837				2
2026.02.04	01:32:41.617	155.838	155.844			6
2026.02.04	01:32:46.672	155.839				2
2026.02.04	01:32:51.346		155.843			4
2026.02.04	01:32:55.402		155.844			4
2026.02.04	01:33:00.095	155.839				2
2026.02.04	01:33:00.410		155.843			4
2026.02.04	01:33:01.956	155.840				2
2026.02.04	01:33:02.262		155.844			4
2026.02.04	01:33:03.506		155.843			4
2026.02.04	01:33:13.147		155.842			4
2026.02.04	01:33:13.764	155.839				2
2026.02.04	01:33:14.066		155.841			4
2026.02.04	01:33:14.977	155.837	155.840			6
2026.02.04	01:33:15.280	155.838				2
2026.02.04	01:33:16.202		155.841			4
2026.02.04	01:33:16.512	155.836	155.839			6
2026.02.04	01:33:16.819		155.838			4
2026.02.04	01:33:18.998	155.837	155.840			6
2026.02.04	01:33:19.927	155.836	155.838			6
2026.02.04	01:33:20.852		155.837			4
2026.02.04	01:33:21.161	155.830	155.833			6
2026.02.04	01:33:21.469	155.828	155.831			6
2026.02.04	01:33:21.779		155.830			4
2026.02.04	01:33:22.399		155.831			4
2026.02.04	01:33:27.388		155.830			4
2026.02.04	01:33:28.956		155.831			4
2026.02.04	01:33:31.746	155.827				2
2026.02.04	01:33:32.364	155.828				2
2026.02.04	01:33:33.906	155.825	155.829			6
2026.02.04	01:33:35.445	155.824				2
2026.02.04	01:33:36.380		155.828			4
2026.02.04	01:33:39.180	155.825				2
2026.02.04	01:33:43.847	155.821	155.823			6
2026.02.04	01:33:44.460		155.824			4
2026.02.04	01:33:45.382		155.825			4
2026.02.04	01:33:45.697	155.822				2
2026.02.04	01:33:46.319		155.824			4
2026.02.04	01:33:57.371		155.823			4
2026.02.04	01:34:00.116	155.822				2
2026.02.04	01:34:10.244	155.824	155.825			6
2026.02.04	01:34:10.551	155.823	155.824			6
2026.02.04	01:34:12.405	155.822	155.823			6
2026.02.04	01:34:14.859	155.821	155.822			6
2026.02.04	01:34:15.161	155.823	155.824			6
2026.02.04	01:34:15.475	155.824	155.825			6
2026.02.04	01:34:16.094	155.822	155.823			6
2026.02.04	01:34:17.005	155.817	155.818			6
2026.02.04	01:34:17.310	155.816	155.817			6
2026.02.04	01:34:18.228	155.817	155.818			6
2026.02.04	01:34:18.530	155.816	155.817			6
2026.02.04	01:34:26.824	155.815	155.816			6
2026.02.04	01:34:28.658	155.816	155.817			6
2026.02.04	01:34:40.024	155.817	155.818			6
2026.02.04	01:34:44.002	155.822	155.823			6
2026.02.04	01:34:49.848	155.821	155.822			6
2026.02.04	01:34:50.462	155.820	155.821			6
2026.02.04	01:34:55.085	155.821	155.822			6
2026.02.04	01:34:56.315	155.820	155.821			6
2026.02.04	01:34:56.927	155.817	155.818			6
2026.02.04	01:34:59.085	155.818	155.819			6
2026.02.04	01:35:00.008	155.818				2
2026.02.04	01:35:00.320	155.815	155.816			6
2026.02.04	01:35:00.622	155.818	155.819			6
2026.02.04	01:35:00.932	155.815	155.816			6
2026.02.04	01:35:01.853	155.816	155.817			6
2026.02.04	01:35:03.392	155.818	155.819			6
2026.02.04	01:35:08.630	155.817	155.818			6
2026.02.04	01:35:19.076	155.818	155.819			6
2026.02.04	01:35:19.386	155.816	155.817			6
2026.02.04	01:35:19.696	155.815	155.816			6
2026.02.04	01:35:20.001	155.816	155.817			6
2026.02.04	01:35:20.313	155.815	155.816			6
2026.02.04	01:35:21.227	155.814	155.815			6
2026.02.04	01:35:21.535	155.816	155.817			6
2026.02.04	01:35:21.842	155.815	155.816			6
2026.02.04	01:35:22.466	155.816	155.817			6
2026.02.04	01:35:23.385	155.814	155.815			6
2026.02.04	01:35:23.689	155.813	155.814			6
2026.02.04	01:35:25.230	155.815	155.816			6
2026.02.04	01:35:26.759	155.812	155.813			6
2026.02.04	01:35:27.063	155.811	155.812			6
2026.02.04	01:35:30.767	155.806	155.807			6
2026.02.04	01:35:31.072	155.804	155.805			6
2026.02.04	01:35:32.292	155.803	155.804			6
2026.02.04	01:35:32.605	155.804	155.805			6
2026.02.04	01:35:33.219	155.803	155.804			6
2026.02.04	01:35:33.527	155.804	155.805			6
2026.02.04	01:35:33.837	155.803	155.804			6
2026.02.04	01:35:36.286	155.804	155.805			6
2026.02.04	01:35:37.216	155.803	155.804			6
2026.02.04	01:35:39.051	155.811	155.812			6
2026.02.04	01:35:40.272		155.813			4
2026.02.04	01:35:40.601		155.814			4
2026.02.04	01:35:41.530	155.812	155.816			6
2026.02.04	01:35:46.177		155.815			4
2026.02.04	01:35:48.671	155.813				2
2026.02.04	01:35:48.976	155.812				2
2026.02.04	01:35:51.160	155.814				2
2026.02.04	01:35:51.468	155.821	155.824			6
2026.02.04	01:35:51.783	155.820	155.823			6
2026.02.04	01:35:52.103		155.827			4
2026.02.04	01:35:53.837		155.826			4
2026.02.04	01:35:57.578	155.819	155.825			6
2026.02.04	01:36:00.104	155.819				2
2026.02.04	01:36:07.891		155.824			4
2026.02.04	01:36:15.077		155.825			4
2026.02.04	01:36:16.331		155.824			4
2026.02.04	01:36:18.808		155.823			4
2026.02.04	01:36:19.123		155.824			4
2026.02.04	01:36:20.695		155.823			4
2026.02.04	01:36:26.307	155.820				2
2026.02.04	01:36:27.227	155.819	155.822			6
2026.02.04	01:36:28.151	155.820	155.823			6
2026.02.04	01:36:30.323		155.822			4
2026.02.04	01:36:34.291	155.821				2
2026.02.04	01:36:37.684	155.820	155.821			6
2026.02.04	01:36:40.761	155.821	155.822			6
2026.02.04	01:36:42.615	155.820	155.821			6
2026.02.04	01:36:42.926	155.821	155.822			6
2026.02.04	01:36:44.465	155.820	155.821			6
2026.02.04	01:36:51.536	155.821	155.822			6
2026.02.04	01:36:52.151	155.820	155.821			6
2026.02.04	01:36:54.301	155.821	155.822			6
2026.02.04	01:36:54.606	155.827	155.828			6
2026.02.04	01:36:54.919	155.828	155.829			6
2026.02.04	01:36:55.223	155.825				2
2026.02.04	01:36:56.150	155.826				2
2026.02.04	01:37:00.208	155.826	155.828			6
2026.02.04	01:37:01.745	155.827	155.829			6
2026.02.04	01:37:02.049	155.826	155.828			6
2026.02.04	01:37:02.355		155.827			4
2026.02.04	01:37:02.666	155.820	155.821			6
2026.02.04	01:37:03.280		155.824			4
2026.02.04	01:37:05.175		155.823			4
2026.02.04	01:37:05.796		155.824			4
2026.02.04	01:37:06.420		155.823			4
2026.02.04	01:37:12.661		155.822			4
2026.02.04	01:37:12.977	155.818				2
2026.02.04	01:37:15.777		155.823			4
2026.02.04	01:37:16.085		155.822			4
2026.02.04	01:37:17.630		155.821			4
2026.02.04	01:37:18.872		155.822			4
2026.02.04	01:37:19.179		155.823			4
2026.02.04	01:37:22.317		155.822			4
2026.02.04	01:37:23.883	155.819	155.823			6
2026.02.04	01:37:25.131	155.818	155.822			6
2026.02.04	01:37:26.373	155.819				2
2026.02.04	01:37:30.101		155.821			4
2026.02.04	01:37:32.570	155.820				2
2026.02.04	01:37:32.880	155.821	155.822			6
2026.02.04	01:37:33.189	155.820				2
2026.02.04	01:37:35.338	155.821				2
2026.02.04	01:37:36.869	155.820	155.821			6
2026.02.04	01:37:43.035	155.818	155.819			6
2026.02.04	01:37:47.306	155.817	155.818			6
2026.02.04	01:37:50.682	155.819	155.820			6
2026.02.04	01:37:53.774	155.818	155.819			6
2026.02.04	01:37:54.392	155.819	155.820			6
2026.02.04	01:37:55.001	155.818	155.819			6
2026.02.04	01:38:00.220	155.818				2
2026.02.04	01:38:00.523	155.819	155.820			6
2026.02.04	01:38:01.132	155.820	155.821			6
2026.02.04	01:38:03.284	155.819	155.820			6
2026.02.04	01:38:08.235	155.820	155.821			6
2026.02.04	01:38:09.158	155.819	155.820			6
2026.02.04	01:38:10.381	155.820	155.821			6
2026.02.04	01:38:11.912	155.819	155.820			6
2026.02.04	01:38:12.524	155.820	155.821			6
2026.02.04	01:38:14.048	155.819	155.820			6
2026.02.04	01:38:18.982	155.820	155.821			6
2026.02.04	01:38:20.840	155.819	155.820			6
2026.02.04	01:38:22.068	155.817	155.818			6
2026.02.04	01:38:22.684	155.815	155.816			6
2026.02.04	01:38:22.988	155.814	155.815			6
2026.02.04	01:38:23.909	155.815	155.816			6
2026.02.04	01:38:25.757	155.816	155.817			6
2026.02.04	01:38:26.059	155.817	155.818			6
2026.02.04	01:38:26.363	155.816	155.817			6
2026.02.04	01:38:27.600	155.818	155.819			6
2026.02.04	01:38:28.821	155.817	155.818			6
2026.02.04	01:38:29.424	155.818	155.819			6
2026.02.04	01:38:29.733	155.816	155.817			6
2026.02.04	01:38:30.645	155.817	155.818			6
2026.02.04	01:38:31.861	155.815	155.816			6
2026.02.04	01:38:32.176	155.816	155.817			6
2026.02.04	01:38:32.790	155.815	155.816			6
2026.02.04	01:38:34.330	155.814	155.815			6
2026.02.04	01:38:34.954	155.813	155.814			6
2026.02.04	01:38:36.487	155.814	155.815			6
2026.02.04	01:38:39.251	155.813	155.814			6
2026.02.04	01:38:39.867	155.814	155.815			6
2026.02.04	01:38:40.177	155.813	155.814			6
2026.02.04	01:38:43.855	155.814	155.815			6
2026.02.04	01:38:44.778	155.817	155.818			6
2026.02.04	01:38:45.088	155.816	155.817			6
2026.02.04	01:38:48.763	155.815	155.816			6
2026.02.04	01:38:50.619	155.816	155.817			6
2026.02.04	01:38:50.922	155.815	155.816			6
2026.02.04	01:38:51.229	155.816	155.817			6
2026.02.04	01:38:52.146	155.815	155.816			6
2026.02.04	01:38:52.454	155.816	155.817			6
2026.02.04	01:38:53.384	155.815	155.816			6
2026.02.04	01:38:53.695	155.819	155.820			6
2026.02.04	01:38:54.006	155.818	155.819			6
2026.02.04	01:38:54.621	155.819	155.820			6
2026.02.04	01:38:57.699	155.820	155.821			6
2026.02.04	01:38:58.627	155.819	155.820			6
2026.02.04	01:39:00.158	155.819				2
2026.02.04	01:39:03.527	155.820	155.821			6
2026.02.04	01:39:10.277	155.819	155.820			6
2026.02.04	01:39:14.016	155.818	155.819			6
2026.02.04	01:39:14.322	155.820	155.821			6
2026.02.04	01:39:15.853	155.819	155.820			6
2026.02.04	01:39:17.712	155.820	155.821			6
2026.02.04	01:39:18.331	155.819	155.820			6
2026.02.04	01:39:22.705	155.820	155.821			6
2026.02.04	01:39:27.308	155.819	155.820			6
2026.02.04	01:39:27.947	155.820	155.821			6
2026.02.04	01:39:36.010	155.819	155.820			6
2026.02.04	01:39:41.617	155.820	155.821			6
2026.02.04	01:39:44.075	155.819	155.820			6
2026.02.04	01:39:44.385	155.820	155.821			6
2026.02.04	01:39:46.531	155.819	155.820			6
2026.02.04	01:39:53.436	155.820	155.821			6
2026.02.04	01:39:55.278	155.819	155.820			6
2026.02.04	01:39:56.540	155.818	155.819			6
2026.02.04	01:40:00.238	155.818				2
2026.02.04	01:40:00.544	155.817	155.818			6
2026.02.04	01:40:06.155	155.818	155.819			6
2026.02.04	01:40:09.224	155.817	155.818			6
2026.02.04	01:40:09.528	155.818	155.819			6
2026.02.04	01:40:09.840	155.817	155.818			6
2026.02.04	01:40:12.339	155.818	155.819			6
2026.02.04	01:40:12.654	155.817	155.818			6
2026.02.04	01:40:12.976	155.815	155.816			6
2026.02.04	01:40:13.590	155.813	155.814			6
2026.02.04	01:40:14.545	155.814	155.815			6
2026.02.04	01:40:15.156	155.813	155.814			6
2026.02.04	01:40:17.032	155.814	155.815			6
2026.02.04	01:40:17.334	155.813	155.814			6
2026.02.04	01:40:17.637	155.814	155.815			6
2026.02.04	01:40:17.945	155.813	155.814			6
2026.02.04	01:40:19.820	155.811	155.812			6
2026.02.04	01:40:20.131	155.816	155.817			6
2026.02.04	01:40:20.441	155.815	155.816			6
2026.02.04	01:40:21.383	155.816	155.817			6
2026.02.04	01:40:21.694	155.815	155.816			6
2026.02.04	01:40:22.325	155.816	155.817			6
2026.02.04	01:40:22.630	155.815	155.816			6
2026.02.04	01:40:23.267	155.814	155.815			6
2026.02.04	01:40:24.189	155.813	155.814			6
2026.02.04	01:40:25.117	155.814	155.815			6
2026.02.04	01:40:26.035	155.811	155.812			6
2026.02.04	01:40:26.343	155.812	155.813			6
2026.02.04	01:40:36.497	155.813	155.814			6
2026.02.04	01:40:37.120	155.814	155.815			6
2026.02.04	01:40:38.038	155.813	155.814			6
2026.02.04	01:40:38.645	155.815	155.816			6
2026.02.04	01:40:39.890	155.816	155.817			6
2026.02.04	01:40:48.190	155.815	155.816			6
2026.02.04	01:40:50.383	155.816	155.817			6
2026.02.04	01:40:51.004	155.815	155.816			6
2026.02.04	01:40:52.570	155.816	155.817			6
2026.02.04	01:40:52.874	155.815	155.816			6
2026.02.04	01:40:53.802	155.814	155.815			6
2026.02.04	01:40:54.423	155.816	155.817			6
2026.02.04	01:40:54.732	155.815	155.816			6
2026.02.04	01:40:57.229	155.816	155.817			6
2026.02.04	01:41:00.034	155.816				2
2026.02.04	01:41:00.961	155.814	155.815			6
2026.02.04	01:41:01.270	155.815	155.816			6
2026.02.04	01:41:01.580	155.814	155.815			6
2026.02.04	01:41:01.898	155.816	155.817			6
2026.02.04	01:41:02.200	155.815	155.816			6
2026.02.04	01:41:02.506	155.816	155.817			6
2026.02.04	01:41:05.316	155.815	155.816			6
2026.02.04	01:41:05.620	155.816	155.817			6
2026.02.04	01:41:06.263	155.815	155.816			6
2026.02.04	01:41:06.583	155.816	155.817			6
2026.02.04	01:41:12.760	155.815	155.816			6
2026.02.04	01:41:16.156	155.816	155.817			6
2026.02.04	01:41:17.089	155.815	155.816			6
2026.02.04	01:41:18.019	155.816	155.817			6
2026.02.04	01:41:20.469	155.815	155.816			6
2026.02.04	01:41:26.022	155.814	155.815			6
2026.02.04	01:41:28.211	155.815	155.816			6
2026.02.04	01:41:28.515	155.814	155.815			6
2026.02.04	01:41:30.052	155.813	155.814			6
2026.02.04	01:41:30.358	155.816	155.817			6
2026.02.04	01:41:30.663	155.815	155.816			6
2026.02.04	01:41:36.840	155.814	155.815			6
2026.02.04	01:41:39.951	155.813	155.814			6
2026.02.04	01:41:42.436	155.814	155.815			6
2026.02.04	01:41:44.287	155.815	155.816			6
2026.02.04	01:41:44.591	155.814	155.815			6
2026.02.04	01:41:46.143	155.813	155.814			6
2026.02.04	01:41:47.680	155.814	155.815			6
2026.02.04	01:41:47.984	155.813	155.814			6
2026.02.04	01:41:48.912	155.814	155.815			6
2026.02.04	01:41:49.830	155.813	155.814			6
2026.02.04	01:41:52.630	155.814	155.815			6
2026.02.04	01:41:53.245	155.813	155.814			6
2026.02.04	01:41:56.042	155.814	155.815			6
2026.02.04	01:41:56.345	155.813	155.814			6
2026.02.04	01:41:56.966	155.814	155.815			6
2026.02.04	01:41:57.887	155.813	155.814			6
2026.02.04	01:42:00.055	155.813				2
2026.02.04	01:42:00.370	155.814	155.815			6
2026.02.04	01:42:03.429	155.813	155.814			6
2026.02.04	01:42:05.595	155.814	155.815			6
2026.02.04	01:42:06.210	155.813	155.814			6
2026.02.04	01:42:06.838	155.814	155.815			6
2026.02.04	01:42:07.145	155.813	155.814			6
2026.02.04	01:42:07.457	155.814	155.815			6
2026.02.04	01:42:07.772	155.813	155.814			6
2026.02.04	01:42:08.382	155.814	155.815			6
2026.02.04	01:42:09.622	155.813	155.814			6
2026.02.04	01:42:09.930	155.814	155.815			6
2026.02.04	01:42:10.244	155.813	155.814			6
2026.02.04	01:42:10.551	155.814	155.815			6
2026.02.04	01:42:10.856	155.813	155.814			6
2026.02.04	01:42:11.172	155.814	155.815			6
2026.02.04	01:42:11.476	155.813	155.814			6
2026.02.04	01:42:11.789	155.814	155.815			6
2026.02.04	01:42:12.097	155.813	155.814			6
2026.02.04	01:42:12.411	155.814	155.815			6
2026.02.04	01:42:12.716	155.813	155.814			6
2026.02.04	01:42:13.339	155.816	155.817			6
2026.02.04	01:42:22.945	155.817	155.818			6
2026.02.04	01:42:23.560	155.816	155.817			6
2026.02.04	01:42:25.753	155.813	155.814			6
2026.02.04	01:42:26.061	155.812	155.813			6
2026.02.04	01:42:28.523	155.811	155.812			6
2026.02.04	01:42:30.391	155.812	155.813			6
2026.02.04	01:42:32.560	155.813	155.814			6
2026.02.04	01:42:32.864	155.812	155.813			6
2026.02.04	01:42:36.284	155.813	155.814			6
2026.02.04	01:42:38.805	155.814	155.815			6
2026.02.04	01:42:39.112	155.813	155.814			6
2026.02.04	01:42:40.053	155.812	155.813			6
2026.02.04	01:42:40.363	155.811	155.812			6
2026.02.04	01:42:43.798	155.812	155.813			6
2026.02.04	01:42:44.103	155.811	155.812			6
2026.02.04	01:42:45.324	155.812	155.813			6
2026.02.04	01:43:00.144	155.812				2
2026.02.04	01:43:20.648	155.813	155.814			6
2026.02.04	01:43:20.969	155.814	155.815			6
2026.02.04	01:43:21.579	155.813	155.814			6
2026.02.04	01:43:23.764	155.814	155.815			6
2026.02.04	01:43:25.600	155.813	155.814			6
2026.02.04	01:43:25.909	155.814	155.815			6
2026.02.04	01:43:29.328	155.816	155.817			6
2026.02.04	01:43:34.274	155.817	155.818			6
2026.02.04	01:43:34.580	155.816	155.817			6
2026.02.04	01:43:34.886	155.817	155.818			6
2026.02.04	01:43:35.803	155.815	155.816			6
2026.02.04	01:43:36.105	155.814	155.815			6
2026.02.04	01:43:36.411	155.815	155.816			6
2026.02.04	01:43:37.022	155.814	155.815			6
2026.02.04	01:43:39.183	155.815	155.816			6
2026.02.04	01:43:40.730	155.814	155.815			6
2026.02.04	01:43:45.098	155.815	155.816			6
2026.02.04	01:43:48.216	155.816	155.817			6
2026.02.04	01:43:55.637	155.814	155.815			6
2026.02.04	01:43:55.956	155.813	155.814			6
2026.02.04	01:43:56.258	155.814	155.815			6
2026.02.04	01:43:59.981	155.815	155.816			6
2026.02.04	01:44:00.287	155.815				2
2026.02.04	01:44:00.597	155.814	155.815			6
2026.02.04	01:44:02.784	155.813	155.814			6
2026.02.04	01:44:03.409	155.814	155.815			6
2026.02.04	01:44:03.726	155.812	155.813			6
2026.02.04	01:44:05.896	155.813	155.814			6
2026.02.04	01:44:13.245	155.811	155.812			6
2026.02.04	01:44:14.168	155.812	155.813			6
2026.02.04	01:44:22.855	155.811	155.812			6
2026.02.04	01:44:24.710	155.812	155.813			6
2026.02.04	01:44:30.286	155.811	155.812			6
2026.02.04	01:44:31.830	155.812	155.813			6
2026.02.04	01:44:32.752	155.811	155.812			6
2026.02.04	01:44:38.027	155.813	155.814			6
2026.02.04	01:44:38.334	155.812	155.813			6
2026.02.04	01:44:43.601	155.813	155.814			6
2026.02.04	01:44:44.227	155.812	155.813			6
2026.02.04	01:44:45.781	155.813	155.814			6
2026.02.04	01:44:51.966	155.812	155.813			6
2026.02.04	01:44:53.517	155.813	155.814			6
2026.02.04	01:44:55.999	155.812	155.813			6
2026.02.04	01:44:57.547	155.813	155.814			6
2026.02.04	01:44:57.849	155.812	155.813			6
2026.02.04	01:44:58.153	155.813	155.814			6
2026.02.04	01:44:59.089	155.814	155.815			6
2026.02.04	01:45:00.020	155.814				2
2026.02.04	01:45:00.954	155.815	155.816			6
2026.02.04	01:45:01.570	155.814	155.815			6
2026.02.04	01:45:02.197	155.815	155.816			6
2026.02.04	01:45:03.422	155.814	155.815			6
2026.02.04	01:45:03.737	155.812	155.813			6
2026.02.04	01:45:06.233	155.811	155.812			6
2026.02.04	01:45:06.550	155.801	155.802			6
2026.02.04	01:45:06.864	155.800	155.801			6
2026.02.04	01:45:07.470	155.791	155.792			6
2026.02.04	01:45:08.395	155.787	155.793			6
2026.02.04	01:45:09.336	155.789	155.794			6
2026.02.04	01:45:09.639	155.790				2
2026.02.04	01:45:09.959	155.791				2
2026.02.04	01:45:10.275	155.790				2
2026.02.04	01:45:10.899	155.787	155.793			6
2026.02.04	01:45:11.240	155.786				2
2026.02.04	01:45:11.562	155.787				2
2026.02.04	01:45:17.431	155.788				2
2026.02.04	01:45:17.783	155.785	155.792			6
2026.02.04	01:45:19.040	155.786				2
2026.02.04	01:45:19.347	155.787				2
2026.02.04	01:45:19.657	155.786				2
2026.02.04	01:45:19.986	155.787				2
2026.02.04	01:45:20.299	155.786				2
2026.02.04	01:45:20.644	155.785				2
2026.02.04	01:45:21.258	155.787				2
2026.02.04	01:45:21.874	155.785				2
2026.02.04	01:45:22.188	155.786	155.791			6
2026.02.04	01:45:22.498	155.785				2
2026.02.04	01:45:22.806	155.786				2
2026.02.04	01:45:23.118	155.785				2
2026.02.04	01:45:23.428	155.787				2
2026.02.04	01:45:23.734	155.784				2
2026.02.04	01:45:24.038	155.785				2
2026.02.04	01:45:24.969	155.788				2
2026.02.04	01:45:25.273	155.787				2
2026.02.04	01:45:25.578	155.788				2
2026.02.04	01:45:25.882	155.784				2
2026.02.04	01:45:26.207	155.787				2
2026.02.04	01:45:26.516	155.786				2
2026.02.04	01:45:26.818	155.784				2
2026.02.04	01:45:27.462	155.786				2
2026.02.04	01:45:27.788	155.784				2
2026.02.04	01:45:28.098	155.787				2
2026.02.04	01:45:28.440	155.785				2
2026.02.04	01:45:28.805	155.784				2
2026.02.04	01:45:29.781	155.786				2
2026.02.04	01:45:30.098	155.787				2
2026.02.04	01:45:30.427	155.786				2
2026.02.04	01:45:30.778	155.784				2
2026.02.04	01:45:31.083	155.785				2
2026.02.04	01:45:31.434	155.786				2
2026.02.04	01:45:31.743	155.785				2
2026.02.04	01:45:32.060	155.784				2
2026.02.04	01:45:32.368	155.785				2
2026.02.04	01:45:32.995	155.784				2
2026.02.04	01:45:33.298	155.785				2
2026.02.04	01:45:33.633	155.784				2
2026.02.04	01:45:34.601	155.785				2
2026.02.04	01:45:35.566	155.786				2
2026.02.04	01:45:36.198	155.787				2
2026.02.04	01:45:36.837	155.786				2
2026.02.04	01:45:37.142	155.785				2
2026.02.04	01:45:37.759	155.786				2
2026.02.04	01:45:38.079	155.788				2
2026.02.04	01:45:38.398	155.785				2
2026.02.04	01:45:38.711	155.784				2
2026.02.04	01:45:39.018	155.785				2
2026.02.04	01:45:39.339	155.786				2
2026.02.04	01:45:39.688	155.785				2
2026.02.04	01:45:39.998	155.786				2
2026.02.04	01:45:40.998	155.785				2
2026.02.04	01:45:41.300	155.787				2
2026.02.04	01:45:41.632	155.784				2
2026.02.04	01:45:41.998	155.787				2
2026.02.04	01:45:42.318	155.785				2
2026.02.04	01:45:43.566	155.788				2
2026.02.04	01:45:43.882	155.786				2
2026.02.04	01:45:44.507	155.784				2
2026.02.04	01:45:44.819	155.785				2
2026.02.04	01:45:45.801	155.787				2
2026.02.04	01:45:46.103	155.785				2
2026.02.04	01:45:47.058	155.788				2
2026.02.04	01:45:47.378	155.785				2
2026.02.04	01:45:47.998	155.786				2
2026.02.04	01:45:48.659	155.787				2
2026.02.04	01:45:48.972	155.786				2
2026.02.04	01:45:49.279	155.784				2
2026.02.04	01:45:49.596	155.786				2
2026.02.04	01:45:49.899	155.785				2
2026.02.04	01:45:51.198	155.786				2
2026.02.04	01:45:51.839	155.784				2
2026.02.04	01:45:52.142	155.785				2
2026.02.04	01:45:52.478	155.786				2
2026.02.04	01:45:52.793	155.785				2
2026.02.04	01:45:53.098	155.787				2
2026.02.04	01:45:53.731	155.785				2
2026.02.04	01:45:54.039	155.786				2
2026.02.04	01:45:54.656	155.787				2
2026.02.04	01:45:55.279	155.790				2
2026.02.04	01:45:55.599		155.792			4
2026.02.04	01:45:55.920	155.791				2
2026.02.04	01:45:56.239	155.789				2
2026.02.04	01:45:56.546	155.790				2
2026.02.04	01:45:57.199		155.791			4
2026.02.04	01:45:57.569		155.793			4
2026.02.04	01:45:57.876	155.789	155.794			6
2026.02.04	01:45:58.179	155.790				2
2026.02.04	01:45:58.528	155.788	155.795			6
2026.02.04	01:45:58.871	155.789	155.794			6
2026.02.04	01:45:59.179		155.795			4
2026.02.04	01:45:59.792	155.788				2
2026.02.04	01:46:00.099	155.789				2
2026.02.04	01:46:00.408		155.793			4
2026.02.04	01:46:00.717		155.794			4
2026.02.04	01:46:01.020		155.793			4
2026.02.04	01:46:01.331	155.788				2
2026.02.04	01:46:01.638	155.789	155.794			6
2026.02.04	01:46:01.941		155.793			4
2026.02.04	01:46:02.259		155.794			4
2026.02.04	01:46:03.240	155.788	155.793			6
2026.02.04	01:46:04.488	155.789				2
2026.02.04	01:46:04.795	155.790				2
2026.02.04	01:46:05.100	155.789				2
2026.02.04	01:46:05.404		155.794			4
2026.02.04	01:46:05.716		155.793			4
2026.02.04	01:46:06.024		155.794			4
2026.02.04	01:46:06.326	155.788				2
2026.02.04	01:46:06.639	155.789	155.793			6
2026.02.04	01:46:06.951	155.788				2
2026.02.04	01:46:07.259	155.789				2
2026.02.04	01:46:07.572	155.788				2
2026.02.04	01:46:08.259	155.787				2
2026.02.04	01:46:08.589	155.788				2
2026.02.04	01:46:09.549	155.789				2
2026.02.04	01:46:10.160		155.794			4
2026.02.04	01:46:10.499		155.793			4
2026.02.04	01:46:10.808	155.790	155.794			6
2026.02.04	01:46:11.119	155.791	155.793			6
2026.02.04	01:46:11.422		155.795			4
2026.02.04	01:46:11.739	155.792				2
2026.02.04	01:46:12.440		155.796			4
2026.02.04	01:46:15.507		155.795			4
2026.02.04	01:46:17.546	155.791				2
2026.02.04	01:46:20.727	155.790				2
2026.02.04	01:46:21.039	155.805	155.808			6
2026.02.04	01:46:21.361		155.809			4
2026.02.04	01:46:22.262		155.811			4
2026.02.04	01:46:22.602	155.806	155.812			6
2026.02.04	01:46:23.611	155.807				2
2026.02.04	01:46:26.802	155.806				2
2026.02.04	01:46:30.161	155.803	155.809			6
2026.02.04	01:46:34.349	155.802				2
2026.02.04	01:46:35.677		155.808			4
2026.02.04	01:46:36.920	155.800	155.805			6
2026.02.04	01:46:37.245	155.799				2
2026.02.04	01:46:41.899	155.800				2
2026.02.04	01:46:45.119		155.806			4
2026.02.04	01:46:48.076	155.787	155.794			6
2026.02.04	01:46:49.701	155.788				2
2026.02.04	01:46:50.003		155.793			4
2026.02.04	01:46:50.309		155.794			4
2026.02.04	01:46:50.962	155.787	155.792			6
2026.02.04	01:46:51.271		155.793			4
2026.02.04	01:46:53.512	155.788				2
2026.02.04	01:46:53.819	155.787				2
2026.02.04	01:46:56.523	155.792	155.797			6
2026.02.04	01:47:00.672	155.792				2
2026.02.04	01:47:01.887		155.798			4
2026.02.04	01:47:02.358	155.789	155.795			6
2026.02.04	01:47:03.992	155.788				2
2026.02.04	01:47:06.098		155.794			4
2026.02.04	01:47:06.895	155.790	155.796			6
2026.02.04	01:47:09.521	155.791				2
2026.02.04	01:47:09.885	155.790				2
2026.02.04	01:47:10.200	155.791				2
2026.02.04	01:47:10.521	155.790				2
2026.02.04	01:47:10.911		155.798			4
2026.02.04	01:47:11.573		155.797			4
2026.02.04	01:47:11.877	155.799	155.804			6
2026.02.04	01:47:12.181		155.805			4
2026.02.04	01:47:13.200	155.800	155.807			6
2026.02.04	01:47:16.857		155.806			4
2026.02.04	01:47:23.127		155.805			4
2026.02.04	01:47:23.429		155.806			4
2026.02.04	01:47:24.163		155.805			4
2026.02.04	01:47:24.614	155.799				2
2026.02.04	01:47:27.712		155.804			4
2026.02.04	01:47:30.585	155.798	155.800			6
2026.02.04	01:47:31.801		155.801			4
2026.02.04	01:47:34.569		155.802			4
2026.02.04	01:47:34.913		155.803			4
2026.02.04	01:47:35.454		155.802			4
2026.02.04	01:47:36.239	155.787	155.793			6
2026.02.04	01:47:36.547	155.778	155.783			6
2026.02.04	01:47:36.863	155.776	155.782			6
2026.02.04	01:47:37.180	155.775				2
2026.02.04	01:47:37.860		155.781			4
2026.02.04	01:47:38.168		155.782			4
2026.02.04	01:47:38.481		155.781			4
2026.02.04	01:47:38.791	155.782	155.788			6
2026.02.04	01:47:39.100	155.781	155.787			6
2026.02.04	01:47:42.215		155.786			4
2026.02.04	01:47:43.117		155.787			4
2026.02.04	01:47:44.342		155.786			4
2026.02.04	01:47:45.697	155.778	155.784			6
2026.02.04	01:47:46.694	155.777	155.783			6
2026.02.04	01:47:47.903	155.776	155.782			6
2026.02.04	01:47:50.349		155.781			4
2026.02.04	01:47:52.289		155.782			4
2026.02.04	01:47:54.865	155.769	155.775			6
2026.02.04	01:47:55.169	155.764	155.770			6
2026.02.04	01:47:55.781		155.769			4
2026.02.04	01:47:57.562	155.763				2
2026.02.04	01:48:00.318	155.764				2
2026.02.04	01:48:00.635	155.763				2
2026.02.04	01:48:01.830	155.767	155.771			6
2026.02.04	01:48:02.139	155.765				2
2026.02.04	01:48:02.459	155.764				2
2026.02.04	01:48:02.851	155.765				2
2026.02.04	01:48:11.295	155.774	155.780			6
2026.02.04	01:48:12.047	155.775				2
2026.02.04	01:48:12.364	155.776	155.781			6
2026.02.04	01:48:14.384		155.782			4
2026.02.04	01:48:16.568	155.777	155.783			6
2026.02.04	01:48:18.541	155.778				2
2026.02.04	01:48:19.544	155.777				2
2026.02.04	01:48:23.988	155.775	155.781			6
2026.02.04	01:48:30.282	155.776	155.782			6
2026.02.04	01:48:34.279	155.777	155.783			6
2026.02.04	01:48:38.475	155.780	155.786			6
2026.02.04	01:48:46.231	155.781				2
2026.02.04	01:48:47.461	155.788	155.793			6
2026.02.04	01:48:48.387		155.794			4
2026.02.04	01:48:59.815		155.792			4
2026.02.04	01:49:00.120	155.788	155.793			6
2026.02.04	01:49:00.427	155.781	155.786			6
2026.02.04	01:49:00.740		155.785			4
2026.02.04	01:49:01.351		155.786			4
2026.02.04	01:49:09.335		155.785			4
2026.02.04	01:49:09.644		155.786			4
2026.02.04	01:49:11.187	155.782	155.787			6
2026.02.04	01:49:11.496	155.781	155.786			6
2026.02.04	01:49:12.111		155.785			4
2026.02.04	01:49:13.345		155.786			4
2026.02.04	01:49:16.440		155.785			4
2026.02.04	01:49:17.361		155.786			4
2026.02.04	01:49:18.275		155.785			4
2026.02.04	01:49:28.104	155.782				2
2026.02.04	01:49:30.860	155.781	155.784			6
2026.02.04	01:49:31.784	155.783	155.786			6
2026.02.04	01:49:33.321	155.788	155.791			6
2026.02.04	01:49:34.228	155.789	155.792			6
2026.02.04	01:49:35.159	155.790	155.793			6
2026.02.04	01:49:35.465	155.791	155.794			6
2026.02.04	01:49:40.375	155.790	155.793			6
2026.02.04	01:49:41.297	155.791	155.794			6
2026.02.04	01:49:44.350	155.790	155.792			6
2026.02.04	01:49:44.655	155.781	155.783			6
2026.02.04	01:49:44.960	155.778	155.780			6
2026.02.04	01:49:45.269	155.777	155.781			6
2026.02.04	01:49:55.271		155.780			4
2026.02.04	01:50:00.178	155.777				2
2026.02.04	01:50:09.701		155.779			4
2026.02.04	01:50:17.997		155.778			4
2026.02.04	01:50:23.826	155.767	155.768			6
2026.02.04	01:50:24.128	155.764				2
2026.02.04	01:50:24.449		155.766			4
2026.02.04	01:50:31.287	155.765	155.768			6
2026.02.04	01:50:38.331		155.767			4
2026.02.04	01:50:44.757	155.766	155.768			6
2026.02.04	01:50:45.061	155.767	155.769			6
2026.02.04	01:50:47.223		155.768			4
2026.02.04	01:50:49.057	155.768	155.769			6
2026.02.04	01:50:50.896	155.767	155.768			6
2026.02.04	01:50:52.122	155.768	155.769			6
2026.02.04	01:51:00.101	155.768				2
2026.02.04	01:51:01.013	155.767	155.768			6
2026.02.04	01:51:05.917	155.768	155.769			6
2026.02.04	01:51:06.828	155.774	155.775			6
2026.02.04	01:51:07.131	155.773	155.774			6
2026.02.04	01:51:07.746	155.772	155.773			6
2026.02.04	01:51:08.051	155.773	155.774			6
2026.02.04	01:51:08.356	155.771	155.772			6
2026.02.04	01:51:08.657	155.770	155.771			6
2026.02.04	01:51:09.268	155.769	155.770			6
2026.02.04	01:51:10.796	155.770	155.771			6
2026.02.04	01:51:11.105	155.769	155.770			6
2026.02.04	01:51:18.793	155.773	155.774			6
2026.02.04	01:51:21.855	155.772	155.773			6
2026.02.04	01:51:24.918	155.773	155.774			6
2026.02.04	01:51:28.947	155.772	155.773			6
2026.02.04	01:51:32.324	155.773	155.774			6
2026.02.04	01:51:34.473	155.777	155.778			6
2026.02.04	01:51:35.717	155.778	155.779			6
2026.02.04	01:51:36.946	155.779	155.780			6
2026.02.04	01:51:37.577	155.778	155.779			6
2026.02.04	01:51:37.883	155.779	155.780			6
2026.02.04	01:51:39.112	155.780	155.781			6
2026.02.04	01:51:40.332	155.778	155.779			6
2026.02.04	01:51:40.638	155.777	155.778			6
2026.02.04	01:51:50.754	155.778	155.779			6
2026.02.04	01:51:53.204	155.779	155.780			6
2026.02.04	01:51:53.505	155.778	155.779			6
2026.02.04	01:51:56.593	155.779	155.780			6
2026.02.04	01:51:58.128	155.778	155.779			6
2026.02.04	01:51:58.439	155.779	155.780			6
2026.02.04	01:52:00.278	155.779				2
2026.02.04	01:52:00.889	155.780	155.781			6
2026.02.04	01:52:01.195	155.781	155.782			6
2026.02.04	01:52:02.113	155.782	155.783			6
2026.02.04	01:52:02.730	155.781	155.782			6
2026.02.04	01:52:03.032	155.780	155.781			6
2026.02.04	01:52:03.966	155.778	155.779			6
2026.02.04	01:52:04.269	155.779	155.780			6
2026.02.04	01:52:04.577	155.780	155.781			6
2026.02.04	01:52:05.197	155.779	155.780			6
2026.02.04	01:52:06.432	155.778	155.779			6
2026.02.04	01:52:12.231	155.779	155.780			6
2026.02.04	01:52:17.136	155.792	155.793			6
2026.02.04	01:52:17.444	155.794	155.795			6
2026.02.04	01:52:18.367	155.793				2
2026.02.04	01:52:18.668	155.797	155.798			6
2026.02.04	01:52:18.979		155.799			4
2026.02.04	01:52:19.291	155.796	155.798			6
2026.02.04	01:52:21.153	155.798	155.800			6
2026.02.04	01:52:24.277		155.799			4
2026.02.04	01:52:24.587	155.797	155.798			6
2026.02.04	01:52:26.730	155.807	155.808			6
2026.02.04	01:52:28.284	155.805	155.809			6
2026.02.04	01:52:31.392	155.792	155.795			6
2026.02.04	01:52:31.694	155.790	155.793			6
2026.02.04	01:52:31.997		155.792			4
2026.02.04	01:52:32.302	155.792	155.795			6
2026.02.04	01:52:33.236	155.791	155.797			6
2026.02.04	01:52:33.867	155.792				2
2026.02.04	01:52:34.179		155.798			4
2026.02.04	01:52:34.482		155.796			4
2026.02.04	01:52:34.819		155.797			4
2026.02.04	01:52:38.179		155.796			4
2026.02.04	01:52:40.045		155.797			4
2026.02.04	01:52:40.963		155.796			4
2026.02.04	01:52:41.286		155.797			4
2026.02.04	01:52:43.120		155.796			4
2026.02.04	01:52:43.777	155.797	155.800			6
2026.02.04	01:52:44.096		155.801			4
2026.02.04	01:52:49.394		155.800			4
2026.02.04	01:52:52.804		155.801			4
2026.02.04	01:52:54.754		155.800			4
2026.02.04	01:52:55.695		155.801			4
2026.02.04	01:52:58.384	155.791	155.795			6
2026.02.04	01:52:59.317		155.796			4
2026.02.04	01:53:00.243	155.792				2
2026.02.04	01:53:01.499	155.791				2
2026.02.04	01:53:02.112	155.792				2
2026.02.04	01:53:02.417	155.797	155.800			6
2026.02.04	01:53:06.106	155.796				2
2026.02.04	01:53:06.407		155.799			4
2026.02.04	01:53:06.714		155.800			4
2026.02.04	01:53:12.000	155.795	155.798			6
2026.02.04	01:53:12.307	155.796	155.799			6
2026.02.04	01:53:12.623		155.797			4
2026.02.04	01:53:12.931	155.790	155.792			6
2026.02.04	01:53:14.174		155.793			4
2026.02.04	01:53:21.336		155.792			4
2026.02.04	01:53:23.543	155.791	155.794			6
2026.02.04	01:53:28.519	155.790	155.793			6
2026.02.04	01:53:29.131		155.792			4
2026.02.04	01:53:36.181	155.791				2
2026.02.04	01:53:40.135	155.790	155.791			6
2026.02.04	01:53:40.439	155.778	155.779			6
2026.02.04	01:53:40.740	155.773	155.774			6
2026.02.04	01:53:41.360	155.771	155.776			6
2026.02.04	01:53:46.787	155.772				2
2026.02.04	01:53:50.832	155.776	155.780			6
2026.02.04	01:53:51.754	155.777	155.781			6
2026.02.04	01:53:53.623		155.780			4
2026.02.04	01:53:54.261		155.781			4
2026.02.04	01:53:59.858		155.780			4
2026.02.04	01:54:00.164	155.777				2
2026.02.04	01:54:07.353	155.778				2
2026.02.04	01:54:12.871	155.776	155.778			6
2026.02.04	01:54:13.178	155.777	155.779			6
2026.02.04	01:54:14.097		155.778			4
2026.02.04	01:54:16.863	155.789	155.790			6
2026.02.04	01:54:17.174	155.791	155.792			6
2026.02.04	01:54:18.391		155.794			4
2026.02.04	01:54:19.019	155.789	155.793			6
2026.02.04	01:54:24.311	155.792	155.794			6
2026.02.04	01:54:24.622		155.795			4
2026.02.04	01:54:25.255		155.794			4
2026.02.04	01:54:26.199		155.795			4
2026.02.04	01:54:26.504		155.794			4
2026.02.04	01:54:28.057		155.795			4
2026.02.04	01:54:28.670	155.806	155.811			6
2026.02.04	01:54:36.380		155.810			4
2026.02.04	01:54:36.995	155.805				2
2026.02.04	01:54:49.249	155.798	155.802			6
2026.02.04	01:54:49.556	155.796	155.800			6
2026.02.04	01:54:50.176		155.801			4
2026.02.04	01:54:51.129		155.800			4
2026.02.04	01:54:54.589		155.801			4
2026.02.04	01:54:55.208		155.800			4
2026.02.04	01:54:59.256		155.801			4
2026.02.04	01:55:00.183	155.796	155.800			6
2026.02.04	01:55:02.670	155.797	155.802			6
2026.02.04	01:55:03.294	155.798				2
2026.02.04	01:55:05.479	155.797	155.800			6
2026.02.04	01:55:05.785	155.795	155.799			6
2026.02.04	01:55:12.324		155.798			4
2026.02.04	01:55:13.247	155.796	155.799			6
2026.02.04	01:55:14.477	155.794	155.797			6
2026.02.04	01:55:14.783	155.795	155.798			6
2026.02.04	01:55:19.378	155.796				2
2026.02.04	01:55:25.211		155.797			4
2026.02.04	01:55:25.837	155.802	155.803			6
2026.02.04	01:55:26.141		155.804			4
2026.02.04	01:55:27.688	155.800	155.802			6
2026.02.04	01:55:27.996	155.801	155.803			6
2026.02.04	01:55:33.208	155.802				2
2026.02.04	01:55:33.813	155.801	155.802			6
2026.02.04	01:55:34.125	155.802	155.803			6
2026.02.04	01:55:39.350	155.803	155.804			6
2026.02.04	01:55:41.184	155.802	155.803			6
2026.02.04	01:55:42.112	155.804	155.805			6
2026.02.04	01:55:43.960	155.802	155.803			6
2026.02.04	01:55:44.262	155.803	155.804			6
2026.02.04	01:55:46.739	155.802	155.803			6
2026.02.04	01:55:51.351	155.801	155.802			6
2026.02.04	01:55:51.660	155.799	155.800			6
2026.02.04	01:55:51.971	155.800	155.801			6
2026.02.04	01:55:55.042	155.793	155.794			6
2026.02.04	01:55:55.351	155.792	155.793			6
2026.02.04	01:55:56.269	155.791	155.792			6
2026.02.04	01:55:56.570	155.792	155.793			6
2026.02.04	01:56:00.252	155.792				2
2026.02.04	01:56:01.172	155.791	155.792			6
2026.02.04	01:56:03.326	155.790	155.791			6
2026.02.04	01:56:04.871	155.789	155.790			6
2026.02.04	01:56:05.179	155.788	155.789			6
2026.02.04	01:56:05.489	155.786	155.787			6
2026.02.04	01:56:05.791	155.787	155.788			6
2026.02.04	01:56:07.023	155.786	155.787			6
2026.02.04	01:56:07.641	155.787	155.788			6
2026.02.04	01:56:08.858	155.786	155.787			6
2026.02.04	01:56:11.003	155.787	155.788			6
2026.02.04	01:56:11.309	155.786	155.787			6
2026.02.04	01:56:12.840	155.787	155.788			6
2026.02.04	01:56:13.768	155.786	155.787			6
2026.02.04	01:56:14.072	155.787	155.788			6
2026.02.04	01:56:18.048	155.786	155.787			6
2026.02.04	01:56:18.664	155.792	155.793			6
2026.02.04	01:56:24.193	155.791	155.792			6
2026.02.04	01:56:33.092	155.792	155.793			6
2026.02.04	01:56:36.472	155.793	155.794			6
2026.02.04	01:56:37.703	155.791	155.792			6
2026.02.04	01:56:40.771	155.792	155.793			6
2026.02.04	01:56:41.690	155.791	155.792			6
2026.02.04	01:56:43.229	155.792	155.793			6
2026.02.04	01:56:55.810	155.791	155.792			6
2026.02.04	01:56:56.750	155.792	155.793			6
2026.02.04	01:56:59.498	155.791	155.792			6
2026.02.04	01:57:00.125	155.791				2
2026.02.04	01:57:01.363	155.790	155.791			6
2026.02.04	01:57:01.671	155.791	155.792			6
2026.02.04	01:57:05.086	155.792	155.793			6
2026.02.04	01:57:06.640	155.793	155.794			6
2026.02.04	01:57:06.942	155.792	155.793			6
2026.02.04	01:57:07.256	155.791	155.792			6
2026.02.04	01:57:07.566	155.790	155.791			6
2026.02.04	01:57:13.497	155.791	155.792			6
2026.02.04	01:57:16.925	155.790	155.791			6
2026.02.04	01:57:17.243	155.791	155.792			6
2026.02.04	01:57:30.223	155.793	155.794			6
2026.02.04	01:57:36.354	155.802	155.803			6
2026.02.04	01:57:36.664	155.798	155.799			6
2026.02.04	01:57:36.968	155.799	155.800			6
2026.02.04	01:57:40.679	155.797	155.798			6
2026.02.04	01:57:40.987	155.798	155.799			6
2026.02.04	01:57:41.293	155.797	155.798			6
2026.02.04	01:57:46.281	155.798	155.799			6
2026.02.04	01:57:46.584	155.792	155.793			6
2026.02.04	01:57:56.538	155.799	155.800			6
2026.02.04	01:57:57.158	155.798	155.799			6
2026.02.04	01:58:00.279	155.798				2
2026.02.04	01:58:02.467	155.799	155.800			6
2026.02.04	01:58:03.377	155.798	155.799			6
2026.02.04	01:58:04.317	155.797	155.798			6
2026.02.04	01:58:06.191	155.800	155.801			6
2026.02.04	01:58:06.507	155.803	155.804			6
2026.02.04	01:58:07.119	155.801	155.802			6
2026.02.04	01:58:08.674	155.802	155.803			6
2026.02.04	01:58:09.278	155.803	155.804			6
2026.02.04	01:58:09.587	155.809	155.810			6
2026.02.04	01:58:09.900	155.810	155.811			6
2026.02.04	01:58:10.203	155.808	155.809			6
2026.02.04	01:58:10.510	155.807	155.808			6
2026.02.04	01:58:13.594	155.806	155.807			6
2026.02.04	01:58:14.513	155.808	155.809			6
2026.02.04	01:58:14.818	155.809	155.810			6
2026.02.04	01:58:16.045	155.808	155.809			6
2026.02.04	01:58:16.350	155.809	155.810			6
2026.02.04	01:58:17.267	155.808	155.809			6
2026.02.04	01:58:18.517	155.809	155.810			6
2026.02.04	01:58:20.699	155.810	155.811			6
2026.02.04	01:58:21.008	155.809	155.810			6
2026.02.04	01:58:22.554	155.810	155.811			6
2026.02.04	01:58:22.872	155.811	155.812			6
2026.02.04	01:58:23.792	155.810	155.811			6
2026.02.04	01:58:25.343	155.811	155.812			6
2026.02.04	01:58:27.180	155.810	155.811			6
2026.02.04	01:58:27.493	155.809	155.810			6
2026.02.04	01:58:28.418	155.810	155.811			6
2026.02.04	01:58:29.332	155.809	155.810			6
2026.02.04	01:58:31.199	155.807	155.808			6
2026.02.04	01:58:36.174	155.808	155.809			6
2026.02.04	01:58:40.470	155.807	155.808			6
2026.02.04	01:58:41.406	155.808	155.809			6
2026.02.04	01:58:42.938	155.807	155.808			6
2026.02.04	01:58:46.354	155.808	155.809			6
2026.02.04	01:58:47.583	155.803	155.804			6
2026.02.04	01:58:49.420	155.802	155.803			6
2026.02.04	01:58:50.344	155.799	155.800			6
2026.02.04	01:58:50.650	155.798	155.799			6
2026.02.04	01:58:51.268	155.799	155.800			6
2026.02.04	01:58:52.179	155.803	155.804			6
2026.02.04	01:58:57.697	155.802	155.803			6
2026.02.04	01:58:59.238	155.801	155.802			6
2026.02.04	01:59:00.182	155.801				2
2026.02.04	01:59:00.488	155.797	155.798			6
2026.02.04	01:59:01.131	155.799	155.800			6
2026.02.04	01:59:01.754	155.800	155.801			6
2026.02.04	01:59:02.064	155.799	155.800			6
2026.02.04	01:59:02.370	155.800	155.801			6
2026.02.04	01:59:05.139	155.799	155.800			6
2026.02.04	01:59:05.762	155.797	155.798			6
2026.02.04	01:59:13.263	155.798	155.799			6
2026.02.04	01:59:13.571	155.799	155.800			6
2026.02.04	01:59:15.128	155.797	155.798			6
2026.02.04	01:59:15.433	155.798	155.799			6
2026.02.04	01:59:15.745	155.797	155.798			6
2026.02.04	01:59:17.298	155.798	155.799			6
2026.02.04	01:59:21.295	155.799	155.800			6
2026.02.04	01:59:21.602	155.798	155.799			6
2026.02.04	01:59:25.311	155.808	155.809			6
2026.02.04	01:59:28.067	155.807	155.808			6
2026.02.04	01:59:28.377	155.803	155.804			6
2026.02.04	01:59:28.696	155.802	155.803			6
2026.02.04	01:59:30.877	155.803	155.804			6
2026.02.04	01:59:34.557	155.802	155.803			6
2026.02.04	01:59:35.511	155.803	155.804			6
2026.02.04	01:59:35.820	155.802	155.803			6
2026.02.04	01:59:37.697	155.803	155.804			6
2026.02.04	01:59:38.003	155.802	155.803			6
2026.02.04	01:59:41.420	155.803	155.804			6
2026.02.04	01:59:42.039	155.802	155.803			6
2026.02.04	01:59:48.585	155.803	155.804			6
2026.02.04	01:59:51.356	155.802	155.803			6
2026.02.04	01:59:53.235	155.803	155.804			6
2026.02.04	01:59:53.541	155.802	155.803			6
2026.02.04	01:59:54.180	155.803	155.804			6
2026.02.04	01:59:57.865	155.804	155.805			6
2026.02.04	01:59:58.181	155.805	155.806			6
2026.02.04	01:59:58.798	155.804	155.805			6
2026.02.04	01:59:59.416	155.805	155.806			6
2026.02.04	01:59:59.721	155.804	155.805			6
2026.02.04	02:00:00.032	155.804				2
2026.02.04	02:00:00.335	155.813	155.814			6
2026.02.04	02:00:00.959	155.814	155.815			6
2026.02.04	02:00:01.268	155.813	155.814			6
2026.02.04	02:00:01.585	155.810	155.811			6
2026.02.04	02:00:01.886	155.811	155.812			6
2026.02.04	02:00:02.206	155.812	155.813			6
2026.02.04	02:00:02.821	155.814	155.815			6
2026.02.04	02:00:03.127	155.813	155.814			6
2026.02.04	02:00:03.445	155.812	155.813			6
2026.02.04	02:00:03.750	155.815	155.816			6
2026.02.04	02:00:05.617	155.814	155.815			6
2026.02.04	02:00:05.934	155.820	155.821			6
2026.02.04	02:00:06.237	155.821	155.822			6
2026.02.04	02:00:06.558	155.820	155.821			6
2026.02.04	02:00:06.862	155.817	155.818			6
2026.02.04	02:00:07.165	155.822	155.823			6
2026.02.04	02:00:07.775	155.821	155.822			6
2026.02.04	02:00:08.091	155.820	155.821			6
2026.02.04	02:00:08.405	155.821	155.822			6
2026.02.04	02:00:09.026	155.820	155.821			6
2026.02.04	02:00:10.289	155.822	155.823			6
2026.02.04	02:00:10.908	155.820	155.821			6
2026.02.04	02:00:11.211	155.822	155.823			6
2026.02.04	02:00:11.521	155.826	155.827			6
2026.02.04	02:00:11.835	155.830	155.831			6
2026.02.04	02:00:12.143	155.831	155.832			6
2026.02.04	02:00:12.760	155.830	155.831			6
2026.02.04	02:00:13.383	155.828				2
2026.02.04	02:00:13.697	155.819	155.822			6
2026.02.04	02:00:14.932	155.818	155.821			6
2026.02.04	02:00:15.250		155.823			4
2026.02.04	02:00:15.587		155.822			4
2026.02.04	02:00:16.206		155.823			4
2026.02.04	02:00:16.511	155.819				2
2026.02.04	02:00:17.435	155.820	155.824			6
2026.02.04	02:00:18.051	155.821				2
2026.02.04	02:00:18.361	155.819				2
2026.02.04	02:00:18.683	155.820	155.823			6
2026.02.04	02:00:18.998		155.824			4
2026.02.04	02:00:19.510	155.821				2
2026.02.04	02:00:19.817	155.824	155.828			6
2026.02.04	02:00:20.122		155.829			4
2026.02.04	02:00:20.438	155.825	155.830			6
2026.02.04	02:00:20.742	155.824	155.828			6
2026.02.04	02:00:21.366		155.829			4
2026.02.04	02:00:22.847	155.823	155.827			6
2026.02.04	02:00:23.158	155.824	155.829			6
2026.02.04	02:00:23.780		155.830			4
2026.02.04	02:00:24.156	155.828	155.833			6
2026.02.04	02:00:24.463		155.834			4
2026.02.04	02:00:26.262		155.831			4
2026.02.04	02:00:26.648	155.829	155.835			6
2026.02.04	02:00:26.983	155.828	155.831			6
2026.02.04	02:00:27.307	155.829	155.834			6
2026.02.04	02:00:27.610	155.828	155.831			6
2026.02.04	02:00:27.958	155.829	155.834			6
2026.02.04	02:00:28.274	155.825	155.826			6
2026.02.04	02:00:28.576		155.831			4
2026.02.04	02:00:28.878		155.826			4
2026.02.04	02:00:29.290		155.831			4
2026.02.04	02:00:29.599		155.826			4
2026.02.04	02:00:29.953	155.818	155.822			6
2026.02.04	02:00:31.154	155.812	155.816			6
2026.02.04	02:00:31.458	155.811				2
2026.02.04	02:00:32.816		155.817			4
2026.02.04	02:00:33.863	155.814	155.819			6
2026.02.04	02:00:34.182		155.818			4
2026.02.04	02:00:37.764	155.811	155.817			6
2026.02.04	02:00:38.066	155.810	155.815			6
2026.02.04	02:00:41.185	155.809				2
2026.02.04	02:00:41.516	155.807	155.811			6
2026.02.04	02:00:41.980	155.809	155.814			6
2026.02.04	02:00:50.181		155.815			4
2026.02.04	02:00:51.504	155.813	155.818			6
2026.02.04	02:00:51.818	155.814	155.819			6
2026.02.04	02:00:54.213	155.813	155.818			6
2026.02.04	02:00:54.517	155.812	155.819			6
2026.02.04	02:00:55.173		155.818			4
2026.02.04	02:00:56.958		155.819			4
2026.02.04	02:00:57.983		155.818			4
2026.02.04	02:00:59.308		155.819			4
2026.02.04	02:00:59.983		155.818			4
2026.02.04	02:01:00.302	155.812				2
2026.02.04	02:01:00.986		155.816			4
2026.02.04	02:01:01.407	155.811				2
2026.02.04	02:01:02.263	155.812				2
2026.02.04	02:01:02.614	155.811	155.815			6
2026.02.04	02:01:03.036	155.812	155.816			6
2026.02.04	02:01:03.436		155.817			4
2026.02.04	02:01:05.414	155.811	155.815			6
2026.02.04	02:01:06.029		155.816			4
2026.02.04	02:01:06.341	155.812	155.817			6
2026.02.04	02:01:07.251		155.816			4
2026.02.04	02:01:09.110		155.817			4
2026.02.04	02:01:10.048	155.813				2
2026.02.04	02:01:10.356		155.818			4
2026.02.04	02:01:10.673		155.817			4
2026.02.04	02:01:13.150		155.815			4
2026.02.04	02:01:14.731	155.812	155.814			6
2026.02.04	02:01:15.356		155.815			4
2026.02.04	02:01:15.666		155.814			4
2026.02.04	02:01:15.972		155.815			4
2026.02.04	02:01:16.277	155.813	155.816			6
2026.02.04	02:01:16.594		155.817			4
2026.02.04	02:01:17.212		155.816			4
2026.02.04	02:01:17.836	155.812	155.815			6
2026.02.04	02:01:18.144	155.813				2
2026.02.04	02:01:18.459		155.814			4
2026.02.04	02:01:19.083	155.826	155.827			6
2026.02.04	02:01:19.403		155.829			4
2026.02.04	02:01:19.707		155.828			4
2026.02.04	02:01:20.017	155.838	155.839			6
2026.02.04	02:01:20.328		155.841			4
2026.02.04	02:01:21.335	155.849	155.850			6
2026.02.04	02:01:23.207	155.841	155.845			6
2026.02.04	02:01:24.347	155.845	155.849			6
2026.02.04	02:01:24.659	155.843	155.846			6
2026.02.04	02:01:25.009	155.841				2
2026.02.04	02:01:27.330	155.837	155.842			6
2026.02.04	02:01:27.637	155.833	155.837			6
2026.02.04	02:01:27.939	155.832				2
2026.02.04	02:01:28.241	155.835	155.840			6
2026.02.04	02:01:28.587	155.833	155.838			6
2026.02.04	02:01:28.914		155.839			4
2026.02.04	02:01:31.570	155.834				2
2026.02.04	02:01:32.595	155.837	155.842			6
2026.02.04	02:01:33.298		155.843			4
2026.02.04	02:01:34.683	155.839				2
2026.02.04	02:01:35.184	155.837				2
2026.02.04	02:01:37.188	155.839				2
2026.02.04	02:01:37.491	155.836				2
2026.02.04	02:01:38.118	155.839	155.845			6
2026.02.04	02:01:38.639	155.838	155.844			6
2026.02.04	02:01:40.210		155.842			4
2026.02.04	02:01:41.285		155.844			4
2026.02.04	02:01:41.710	155.839				2
2026.02.04	02:01:42.082	155.846	155.851			6
2026.02.04	02:01:42.390	155.849				2
2026.02.04	02:01:42.700	155.850	155.855			6
2026.02.04	02:01:43.077	155.852	155.859			6
2026.02.04	02:01:43.378	155.851	155.856			6
2026.02.04	02:01:44.931	155.848	155.855			6
2026.02.04	02:01:45.406	155.847	155.852			6
2026.02.04	02:01:45.710	155.837	155.842			6
2026.02.04	02:01:46.017	155.836				2
2026.02.04	02:01:47.023	155.837				2
2026.02.04	02:01:47.443	155.835				2
2026.02.04	02:01:47.861	155.836				2
2026.02.04	02:01:48.651	155.837	155.843			6
2026.02.04	02:01:48.958		155.842			4
2026.02.04	02:01:49.953	155.836				2
2026.02.04	02:01:50.258	155.837				2
2026.02.04	02:01:50.708	155.836	155.843			6
2026.02.04	02:01:51.021	155.838				2
2026.02.04	02:01:51.404	155.842	155.847			6
2026.02.04	02:01:51.718	155.841				2
2026.02.04	02:01:52.020	155.842	155.848			6
2026.02.04	02:01:52.343	155.843	155.849			6
2026.02.04	02:01:52.685	155.849	155.855			6
2026.02.04	02:01:53.376	155.847	155.853			6
2026.02.04	02:01:53.736		155.854			4
2026.02.04	02:01:57.182	155.836	155.843			6
2026.02.04	02:01:58.223	155.835	155.842			6
2026.02.04	02:01:58.533	155.840	155.847			6
2026.02.04	02:01:58.863	155.838	155.845			6
2026.02.04	02:01:59.216	155.841	155.848			6
2026.02.04	02:02:00.583	155.841				2
2026.02.04	02:02:00.891	155.842				2
2026.02.04	02:02:01.376	155.841				2
2026.02.04	02:02:02.234	155.843	155.849			6
2026.02.04	02:02:02.548		155.850			4
2026.02.04	02:02:02.863		155.849			4
2026.02.04	02:02:04.112	155.844				2
2026.02.04	02:02:04.427	155.853	155.859			6
2026.02.04	02:02:04.736		155.860			4
2026.02.04	02:02:05.057		155.858			4
2026.02.04	02:02:05.739		155.859			4
2026.02.04	02:02:06.440	155.855				2
2026.02.04	02:02:06.930		155.860			4
2026.02.04	02:02:08.281	155.854	155.858			6
2026.02.04	02:02:08.591	155.851	155.856			6
2026.02.04	02:02:08.898		155.855			4
2026.02.04	02:02:09.630	155.850				2
